2202 3312
633 986 814 1053 Incipit
851 985 1121 1114 Sentencig
1156 985 1278 1036 libri
1316 986 1379 1037 de
1415 986 1684 1037 Potestate

1118 1078 1229 1129 ape.

654 1180 865 1216 Sentencia
882 1180 970 1215 libri
988 1179 1112 1215 ultimi
1134 1180 1173 1215 in
1192 1179 1425 1226 compendio
1444 1180 1503 1215 sic
1523 1180 1714 1214 habetur:
1745 1182 1804 1210 263·

655 1238 876 1283 Capitulum
901 1238 1068 1284 primum
1095 1237 1325 1283 premittens
1353 1238 1714 1283 equivocacionem

608 1295 901 1342 quadruplicem
927 1295 1139 1341 potestatis
1167 1295 1306 1330 dividit
1332 1295 1469 1341 ipsam,
1502 1296 1740 1331 declarans.=

608 1355 809 1400 quomodo
846 1365 898 1389 ex
934 1354 1129 1400 scriptura
1164 1365 1242 1389 non
1278 1354 1452 1394 docetur,
1495 1354 1609 1400 quod
1652 1359 1714 1389 est

609 1416 785 1457 potestas
822 1417 958 1457 preter
987 1411 1195 1446 racionalis
1220 1416 1359 1446 nature
1390 1411 1633 1457 potenciam,
1673 1416 1715 1446 et

611 1470 810 1515 quomodo
838 1469 982 1515 aliquid
1010 1469 1171 1505 alterius
1199 1471 1376 1504 subiacet
1401 1469 1604 1515 potestati.
1644 1468 1713 1505 Se-

612 1527 740 1561 cundo
767 1527 1048 1561 descendendo
1067 1527 1114 1562 ad
1134 1526 1368 1562 divisionem
1387 1526 1573 1571 Hugonis
1604 1526 1715 1562 elicit

612 1584 922 1631 descripcionem
959 1585 1169 1630 potestatis
1205 1585 1393 1619 secularis
1424 1590 1465 1620 et
1495 1584 1715 1631 spiritualis
1729 1596 1762 1617 ιο

615 1648 653 1678 et
690 1642 899 1678 obiciendo
936 1643 1127 1678 dissolvit.
1170 1643 1310 1678 Tercio
1347 1642 1619 1688 principaliter
1654 1654 1715 1678 ar-

614 1701 746 1747 guitur
772 1702 879 1747 quod
905 1701 1112 1746 superfluit
1144 1712 1295 1747 ponere
1322 1701 1432 1736 aliam
1470 1706 1717 1747 potestatem

614 1766 750 1805 preter
774 1759 938 1793 liberum
965 1759 1176 1801 arbitrium,
1203 1760 1378 1794 seeundo
1406 1759 1512 1805 quod
1530 1764 1718 1805 potestas

617 1817 776 1862 ordinis,
804 1828 891 1851 curn
916 1828 1020 1852 nunc
1046 1822 1180 1863 potest
1197 1817 1321 1852 laxari
1346 1822 1386 1852 et
1404 1828 1505 1852 nunc
1523 1817 1718 1864 restringi

615 1875 759 1909 sufficit
785 1876 868 1910 sine
896 1881 1095 1920 potestate
1128 1876 1331 1921 regiminis
1359 1876 1423 1910 vel
1449 1874 1761 1911 iurisdieionis15

615 1934 877 1979 superaddita.
919 1934 970 1968 Et
1005 1933 1130 1968 tercio
1168 1934 1342 1980 arguitur
1372 1944 1444 1979 per
1478 1934 1567 1977 hoc,
1605 1935 1716 1980 quod

615 1998 793 2026 creatura
813 2003 890 2026 non
903 1997 1137 2037 cooperatur
1154 2003 1238 2026 cum
1253 1992 1341 2026 Deo
1362 1992 1714 2037 comproducendo

614 2050 868 2095 quantitatem
885 2049 1161 2084 indivisibilem
1185 2050 1223 2085 in
1242 2055 1385 2093 mente,
1407 2060 1486 2096 quo
1504 2050 1716 2096 tripliciter

615 2109 818 2142 confirmat
844 2113 884 2142 et
908 2109 1139 2154 respondet,
1174 2109 1280 2154 quod
1312 2114 1494 2154 potestas
1523 2119 1629 2143 nunc
1655 2120 1713 2143 ac-

616 2166 758 2211 cipitur
769 2166 1000 2211 simpliciter
1014 2171 1054 2200 et
1067 2177 1169 2200 nunc
1182 2166 1444 2212 aggregative
1456 2166 1714 2212 superaddita
1727 2178 1759 2196 πυ

613 2225 778 2258 humana
797 2224 1118 2269 promulgacione
1136 2224 1341 2268 autentica,
1365 2228 1405 2258 et
1421 2224 1523 2259 illam
1543 2235 1713 2260 necesse

615 2289 676 2316 est
702 2293 851 2327 ponere
875 2287 969 2327 post
985 2283 1148 2327 lapsum,
1175 2282 1332 2328 quando
1350 2282 1463 2317 Deus
1486 2282 1713 2326 autentieat,

616 2347 655 2374 et
691 2340 746 2374 sic
784 2344 874 2373 sunt
906 2340 1024 2374 multe
1055 2345 1288 2385 potestates,
1325 2351 1402 2386 que
1433 2351 1513 2376 non
1543 2340 1714 2376 fuissent

615 2398 653 2432 in
673 2403 777 2433 statu
804 2397 1051 2439 innocencie3
1079 2398 1255 2433 secundo
1275 2399 1394 2434 docet
1416 2399 1618 2444 quomodo
1645 2410 1711 2445 po-

614 2461 695 2490 test
719 2455 856 2500 augeri
880 2456 944 2489 vel
970 2456 1099 2491 minui.
1128 2462 1168 2490 et
1193 2456 1316 2491 tercio
1344 2457 1462 2490 docet
1489 2457 1584 2502 quid
1609 2467 1711 2492 crea-
1724 2460 1756 2487 22‘1

615 2521 700 2548 tura
718 2513 888 2548 coefficit
907 2525 993 2548 cum
1012 2514 1101 2548 Deo
1121 2520 1161 2548 et
1179 2514 1273 2560 quid
1292 2525 1383 2557 non,
1410 2520 1450 2549 et
1468 2517 1711 2560 exponendo

615 2571 826 2616 scripturas
875 2572 1112 2617 multiplices
1157 2577 1268 2607 notat
1320 2572 1489 2618 qualiter
1531 2572 1711 2608 Christus

615 2629 746 2671 tacuit,
777 2629 863 2673 Joh.
890 2629 994 2664 XIX
1026 2631 1195 2665 tacendo
1229 2630 1427 2665 doctrinas
1463 2630 1711 2676 multiplices,
