2202 3312
372 509 439 539 402

968 505 1156 533 ,IOHANNIS
1178 504 1332 532 WYCLlF

610 594 717 640 quod
743 604 846 639 papa
872 593 994 628 debet
1024 603 1113 627 esse
1146 591 1383 638 capitaneus,
1419 591 1645 637 precedens
1673 591 1711 626 in

610 652 799 698 spirituali
827 651 1004 686 exercitu
1030 650 1284 696 pacificando,
1318 656 1358 685 et
1395 651 1569 685 declarat
1600 650 1711 695 quod

611 715 673 745 est
714 709 835 745 clavis
878 709 928 743 ad
969 720 1127 743 sensum
1170 708 1366 754 scripture
1403 713 1443 743 et
1482 713 1708 743 sanctorum

610 768 824 802 doctorum.
859 766 1001 801 Tercio
1028 767 1204 802 ostendit
1228 766 1429 812 quomodo
1455 777 1561 812 papa
1583 766 1708 800 debet

609 826 805 860 ambulare
831 836 953 870 super
978 835 1096 870 aquas
1128 825 1179 859 ad
1204 824 1415 859 Dominum
1438 824 1560 859 instar
1587 822 1733 865 Petri‚5

610 888 650 918 et
676 882 843 929 exponit
868 882 1120 928 propheciam
1149 882 1404 928 Apoealipsis
1429 881 1514 916 XII
1547 882 1597 916 de
1624 881 1706 916 dra-

609 952 710 975 cone
758 946 885 975 stante
921 945 1011 975 ante
1047 940 1248 975 mulierem
1284 940 1506 985 parituram.
1550 938 1705 984 Quarto

609 997 776 1044 exponit
793 998 840 1033 ad
853 998 1147 1044 quadruplicem
1172 1008 1329 1033 sensum
1348 997 1548 1043 quomodo
1562 996 1705 1032 Christi

607 1056 776 1092 vicarius
812 1057 933 1091 debet
969 1067 1055 1090 cum
1083 1056 1205 1090 Petro
1242 1067 1285 1090 se
1321 1055 1477 1090 mittere
1513 1054 1553 1089 in
1589 1066 1705 1089 mare.

608 1113 755 1159 Quinto
792 1114 965 1149 declarat
1001 1114 1201 1159 quomodo
1243 1124 1347 1159 papa
1382 1114 1504 1148 debet
1539 1112 1744 1159 vigilarem

608 1183 694 1206 cum
722 1171 889 1215 Christo,
922 1177 962 1206 et
994 1172 1102 1217 quod
1136 1172 1248 1206 aliter
1279 1178 1340 1206 est
1366 1170 1584 1206 secundum
1611 1170 1703 1215 Cry-

607 1235 824 1265 sostomum
849 1229 1128 1271 Antichristus,
1155 1235 1194 1264 et
1221 1230 1419 1275 quomodo
1446 1229 1542 1264 illud
1568 1229 1703 1263 Matth.

605 1287 770 1322 XXIV:
790 1287 904 1322 Multi
921 1287 1065 1322 venient
1083 1288 1123 1322 in
1142 1288 1293 1322 nomine
1310 1298 1403 1329 meo,
1431 1288 1594 1322 dicentes
1614 1287 1702 1330 quia-

605 1353 672 1391 ego
707 1356 795 1381 sum
834 1345 1017 1387 Christus,
1059 1345 1283 1380 verificatur
1324 1346 1375 1380 de
1416 1344 1524 1380 falsis
1561 1344 1701 1379 Christi

606 1404 762 1439 vicariis
789 1409 829 1438 et
855 1404 1055 1449 quomodo
1081 1414 1205 1451 regna
1229 1403 1316 1438 istis
1342 1403 1456 1448 papis
1475 1407 1739 1440 conectam-15

609 1461 711 1497 tibus
753 1461 1043 1497 racionabiliter
1083 1461 1385 1508 responderent,
1428 1466 1467 1496 et
1503 1461 1701 1507 quomodo

605 1526 787 1566 pastores
830 1531 882 1555 ex
925 1519 1031 1554 dicto
1074 1519 1184 1555 beati
1222 1519 1406 1565 Gregorii
1441 1517 1701 1565 periculosius

606 1580 799 1613 maculant
816 1588 978 1624 gregem
993 1577 1080 1614 Dei.
1108 1577 1235 1613 Sexto
1255 1578 1426 1612 declarat
1444 1577 1587 1622 prelati
1604 1576 1700 1623 peri-

605 1638 733 1672 culum
752 1648 802 1671 ex
817 1636 931 1671 dictis
948 1635 1250 1681 Lyncolniensis
1269 1641 1310 1671 et
1327 1636 1434 1682 quod
1450 1635 1556 1670 foret
1577 1646 1699 1670 reme-

605 1695 720 1739 dium,
733 1700 772 1729 et
784 1693 982 1740 quomodo
991 1693 1116 1728 CLIII
1127 1693 1258 1740 magni
1268 1693 1401 1739 pisces
1413 1693 1570 1739 signant
1581 1698 1699 1728 totam
1712 1709 1741 1728 πο

606 1752 812 1788 ecclesiam
825 1751 979 1794 Christi,
992 1757 1033 1787 et
1043 1752 1243 1798 quomodo
1255 1763 1359 1798 papa
1369 1751 1560 1787 niteretur
1572 1751 1700 1785 facere

605 1810 792 1845 similiter.
836 1809 1015 1856 Septimo
1053 1810 1271 1845 declaratur
1307 1809 1565 1855 superioritas
1596 1820 1700 1855 pape

604 1880 677 1914 per
702 1870 789 1912 hoc,
817 1869 924 1914 quod
940 1868 980 1903 in
998 1868 1122 1914 prima
1139 1868 1307 1914 synodo,
1335 1869 1385 1902 de
1404 1879 1481 1913 qua
1498 1868 1590 1903 Act.
1609 1867 1700 1906 XV,

604 1927 731 1971 primo
759 1927 1023 1961 sentenciavit
1048 1937 1120 1972 pro
1147 1927 1329 1961 libertate
1357 1926 1536 1964 ecclesie,
1564 1925 1603 1960 in
1623 1936 1700 1971 quo

607 1989 699 2019 sunt
724 1984 797 2018 tria
823 1995 927 2030 pape
954 1984 1188 2030 diligencius
1207 1985 1440 2027 annotanda,
1467 1984 1569 2019 sicut
1591 1990 1631 2018 et
1650 1995 1700 2018 ex
1712 1990 1739 2018 25

604 2042 871 2088 precepcione
904 2042 1049 2078 Christi
1080 2043 1216 2077 Matth.
1248 2041 1392 2077 XVIII
1427 2043 1466 2077 in
1503 2053 1583 2087 qua
1618 2053 1699 2076 cor-

604 2100 740 2146 repcio
789 2100 959 2135 fraterna
1007 2100 1256 2146 singulariter
1302 2100 1424 2135 Petro
1472 2100 1700 2146 precipitur.

605 2159 758 2193 Octavo
790 2159 955 2193 docetur
990 2159 1191 2204 quomodo
1227 2170 1334 2205 papa
1370 2159 1492 2193 debet
1532 2158 1699 2203 preemi-

604 2221 743 2251 nenter
768 2227 895 2251 amare
922 2216 1065 2251 Christi
1092 2217 1298 2251 ecclesiam
1326 2223 1367 2251 et
1393 2221 1498 2251 stare
1523 2227 1597 2262 pro
1624 2216 1699 2262 pri-

604 2274 751 2320 vilegio
774 2274 779 2322 Ι
802 2274 884 2309 vite
922 2275 1235 2321 exproprietarie
1284 2275 1392 2320 quod
1428 2274 1606 2310 Christus
1643 2275 1700 2309 in·
1735 2279 1788 2313 264·

603 2332 786 2367 iunxerat
823 2338 864 2368 et
900 2332 1161 2368 describendo
1193 2332 1311 2367 vitam
1348 2332 1701 2378 exproprietariam

604 2392 750 2436 probat
776 2391 983 2437 tripliciter
1019 2391 1125 2436 quod
1158 2402 1272 2426 nemo
1304 2391 1427 2425 habet
1458 2402 1479 2424 a
1513 2391 1603 2425 Deo
1631 2402 1701 2437 po·

605 2455 787 2484 testatem
815 2450 980 2484 clericos
1008 2449 1255 2495 degradandi.

653 2507 871 2552 Capitulum
899 2513 1080 2542 octavum
1109 2507 1284 2542 declarat
1308 2507 1434 2553 primo
1466 2507 1515 2542 de
1540 2507 1703 2543 nomine

604 2576 721 2610 pape,
749 2566 946 2610 quomodo
973 2565 1148 2609 inolevit,
1181 2565 1355 2600 secundo
1381 2566 1554 2600 declarat
1580 2565 1748 2612 tripli-35

664 2704 685 2721 π.
704 2699 735 2722 12:
753 2701 777 2722 et
793 2699 871 2722 dem-1.
934 2705 974 2723 20.
994 2699 1024 2723 15:
1042 2699 1139 2730 signal.
1202 2706 1243 2724 22.
1262 2700 1293 2723 n:
1313 2699 1437 2724 declarat.
