2202 3312
379 463 444 504 148

414 797 437 822 1f
451 802 504 827 not,
521 798 563 821 the

383 827 484 851 faithful
500 826 593 850 should

376 860 421 880 not
435 856 524 881 follow
539 856 605 880 him.

437 2183 547 2207 Christus

406 2214 570 2266 '123‘2’335323
573 2213 581 2236 ‘

981 468 1171 498 sol-lullus
1192 469 1349 499 WYCUF
1546 459 1640 510 [cap.
1655 466 1709 491 vu.

616 562 732 593 tenus
763 568 868 604 papa
898 557 1100 594 dormierit
1129 569 1297 605 sompno
1324 558 1517 605 spirituali
1543 558 1712 603 letifero,

616 615 746 651 nullus
772 615 1058 662 dampnabilius
1083 626 1128 651 se
1151 615 1282 663 ipsum
1308 617 1572 664 condempnat
1598 621 1641 654 et
1665 618 1712 654 ad

617 674 789 710 officium
813 674 911 710 illud
935 674 1165 719 inhabilitat,
1190 685 1279 710 cum
1303 674 1381 712 sibi
1404 674 1482 722 ipsi
1504 675 1547 711 in
1566 675 1652 712 vita
1675 680 1714 712 et

617 733 774 768 nomine
793 733 1038 768 contradicit.
1073 733 1159 769 Nec
1176 733 1300 770 debet
1333 734 1589 772 communitas
1621 734 1713 771 fide·

617 792 709 827 lium
727 791 842 838 sequi
852 792 987 835 talem3
1000 792 1121 828 habet
1145 791 1249 828 enim
1274 802 1327 827 ex
1343 791 1549 828 mendacio
1559 790 1737 840 signum⁵

616 850 864 897 potissimum
890 849 1135 896 Antichristi‚
1167 855 1214 886 ut
1237 850 1411 887 declarat
1434 850 1713 898 Crysostomus

617 908 771 945 Omelia
795 907 903 953 VIII,
932 918 1141 955 exponens
1169 908 1268 944 illud
1294 907 1344 945 11.
1369 908 1495 945 Thim.
1519 907 1592 954 m,
1620 921 1636 944 1
1670 910 1714 946 In

616 968 837 1003 novissimis
870 968 1001 1002 diebus
1042 967 1235 1003 instabunt
1275 970 1450 1014 tempora
1483 968 1713 1015 periculosa,

616 1026 685 1061 ubi
710 1026 882 1061 declarat
906 1024 1156 1072 processisse
1179 1025 1381 1062 hereticos
1408 1037 1431 1062 a
1453 1025 1587 1062 mundi
1609 1025 1713 1073 prin-

617 1084 734 1130 cipio,
766 1084 938 1130 dyabolo
971 1088 1109 1119 contra
1137 1083 1427 1130 plantacionem
1451 1083 1530 1120 Dei
1557 1084 1712 1120 menda·
1726 1091 1755 1110 ¹0

618 1142 718 1178 cium
745 1142 972 1178 seminante.
998 1142 1050 1178 Et
1075 1142 1439 1188 correspondenter
1454 1142 1505 1178 de
1529 1142 1714 1178 membris

616 1200 780 1235 istorum
807 1204 1005 1235 causatum
1031 1204 1075 1234 ut
1098 1199 1220 1245 Caym
1247 1205 1385 1235 contra
1401 1200 1519 1240 Abel,
1544 1200 1615 1236 filii
1637 1200 1714 1235 Dei

617 1263 751 1294 contra
767 1258 869 1294 filios
885 1258 1095 1301 hominum,
1119 1258 1317 1293 Abraham
1336 1263 1377 1294 et
1393 1258 1557 1302 Pharao,
1575 1258 1713 1294 Yacob

618 1321 658 1352 et
681 1316 799 1361 Esau,
829 1315 997 1362 Moyses
1023 1321 1063 1351 et
1087 1315 1202 1361 magi,
1237 1316 1435 1362 prophete
1471 1321 1512 1351 et
1545 1316 1713 1362 pseudo-

616 1375 825 1421 prophete,
851 1374 1021 1420 apostoli
1046 1378 1087 1408 et
1110 1374 1450 1420 pseudoapostoli,
1471 1374 1650 1410 Christus
1676 1374 1753 1410 et¹5

619 1432 884 1467 Antichristus
910 1431 1095 1467 continue
1135 1436 1409 1477 repugnarunt
1451 1436 1492 1467 et
1530 1432 1714 1468 continue

619 1491 899 1537 opponebatur
932 1488 1179 1524 mendacium
1213 1489 1383 1525 veritati.
1425 1489 1629 1534 DyabOIus,
1662 1490 1715 1526 in·

620 1548 715 1594 quit,
740 1551 773 1583 et
798 1547 973 1582 membra
988 1557 1061 1582 sua
1078 1547 1255 1592 operibus
1270 1547 1385 1582 nichil
1401 1550 1627 1593 monstrant,
1652 1549 1716 1584 sed

619 1607 742 1642 verbis
759 1613 905 1650 magna
912 1605 1020 1649 salse
1032 1606 1271 1651 promittunt,
1289 1608 1330 1640 ut
1342 1608 1446 1651 patet
1459 1604 1587 1642 Genes.
1607 1606 1716 1649 III,5

619 1665 682 1699 ubi
737 1664 827 1699 dicit
862 1663 1061 1707 dyabolus:
1094 1662 1344 1708 Nequaquam
1380 1664 1611 1709 moriemini,
1652 1664 1757 1700 seam

619 1722 726 1757 eritis
750 1723 847 1757 sicut
870 1722 937 1756 dii.
982 1721 1100 1766 Quod
1127 1721 1160 1756 si
1186 1720 1235 1755 de
1261 1721 1480 1756 maioritate
1506 1722 1716 1767 potestatis

618 1789 815 1826 pompose
838 1779 1113 1814 contendimus
1135 1783 1176 1813 et
1200 1778 1240 1813 in
1257 1778 1338 1814 vita
1359 1789 1404 1814 ac
1422 1778 1569 1814 sanctis
1587 1779 1716 1826 operi-

617 1839 694 1873 bus
730 1848 863 1872 sumus
890 1836 1055 1880 steriles,
1093 1835 1383 1871 absolucionem
1423 1847 1446 1871 a
1479 1847 1583 1883 pena
1621 1844 1662 1873 et
1696 1848 1717 1872 a

620 1895 736 1940 culpa
768 1905 841 1940 pro
871 1894 1040 1940 pecunia
1070 1894 1348 1940 promittentes
1375 1898 1417 1929 et
1440 1898 1571 1930 tamen
1597 1895 1638 1930 in
1663 1895 1716 1930 vi-

619 1952 751 1987 vendo
771 1951 927 1987 Christo
946 1951 1200 1987 conformiter
1217 1951 1398 1987 subditos
1422 1963 1502 1987 non
1527 1951 1717 1996 iuvantes,
1728 1956 1758 1985 ²5

621 2021 754 2047 sumus
783 2009 944 2045 indubie
971 2009 1213 2045 Antichristi.
1253 2009 1369 2055 Quod
1399 2010 1433 2045 si
1450 2015 1655 2056 torpemus
1679 2011 1718 2046 in

621 2068 893 2105 declaracione
926 2067 1069 2112 talium,
1096 2067 1268 2113 Spiritus
1294 2067 1463 2103 Sanctus
1494 2069 1717 2104 necessario

621 2126 831 2172 dissipabit
861 2126 1066 2161 consilium
1093 2125 1305 2170 Aehitofel,
1338 2126 1517 2162 dividens
1547 2128 1720 2161 membra

622 2183 853 2219 Antichristi
879 2183 927 2218 ab
946 2182 1114 2218 invicem
1139 2182 1323 2218 fidelibus
1340 2182 1566 2229 precipiens
1592 2195 1643 2219 ne
1662 2194 1718 2219 se·

621 2247 799 2289 quantur.
850 2241 948 2276 Nam
984 2241 1121 2276 Matth.
1156 2240 1315 2285 XXIV,
1351 2252 1371 2284 5
1414 2241 1570 2277 dicitur:
1608 2240 1720 2277 Multi
1731 2247 1763 2275 30

621 2301 766 2336 venient
808 2300 847 2334 in
889 2299 1041 2334 nomine
1077 2309 1170 2342 meo,
1205 2299 1366 2334 dicentes
1405 2299 1496 2345 quia
1530 2306 1596 2345 ego
1631 2310 1720 2335 sum

624 2358 797 2395 Christus
818 2356 823 2404 Ι
846 2361 878 2393 et
905 2358 1043 2392 multos
1069 2357 1250 2401 seducent,
1287 2358 1395 2403 quod
1431 2368 1517 2392 cum
1552 2368 1719 2393 necesse
1752 2359 1807 2398 198·

622 2417 672 2452 sit
708 2427 797 2452 esse
822 2427 959 2450 verum
994 2415 1043 2449 ad
1079 2414 1242 2456 literam,
1277 2419 1390 2460 patet
1420 2415 1528 2461 quod
1558 2420 1721 2462 oportet

620 2476 696 2510 hoc
721 2474 916 2509 verificari
947 2474 997 2508 de
1028 2472 1360 2519 pretendentibus
1390 2484 1434 2508 se
1460 2484 1550 2509 esse
1577 2473 1721 2510 Christi

680 2595 716 2613 12.
733 2587 882 2612 Causarum.
897 2587 997 2614 codd.=
1013 2589 1095 2612 catu-¹-
1155 2594 1193 2612 αι.
1210 2587 1255 2612 ΑΒ
1271 2587 1296 2612 in
1314 2594 1410 2619 marg-z
1428 2586 1580 2612 Antichmet
1590 2588 1638 2619 qiu*
1651 2590 1719 2613 eunt.

679 2667 706 2694 7.
727 2659 804 2695 Opp.
826 2664 898 2686 tom.
920 2658 965 2694 Xl,
987 2666 1014 2693 p.
1036 2656 1103 2693 643.
1186 2666 1228 2693 ¹7·
1251 2657 1378 2695 Loosely
1399 2658 1518 2694 quoted.
