2202 3312
377 524 449 558 390

383 1895 406 1918 ὃ.
424 1895 563 1919 Rcudiness
579 1899 605 1919 to

402 1929 489 1954 accept
506 1925 591 1949 undue

383 1954 496 1978 burdens
514 1956 553 1977 101·
569 1955 611 1978 the

383 1984 443 2007 sake
458 1983 488 2007 of
503 1983 604 2007 honour

418 2019 448 2035 or
465 2013 573 2036 reward.

987 522 1175 551 JOHANNJS
1196 521 1350 550 WYCLIF
1552 513 1657 557 [CAR.
1672 520 1729 545 XII,

620 620 698 656 que
724 615 787 645 est
813 609 888 645 alia
912 609 1021 645 radix
1051 609 1211 645 malicie.
1238 609 1350 645 Sicut
1376 609 1477 645 enim
1499 609 1633 645 fistula
1652 621 1731 655 pet

619 679 736 714 quam
767 667 951 703 transiret
982 668 1110 715 liquor
1140 668 1310 703 inficitur
1335 679 1409 714 per
1439 668 1586 702 metalli
1613 668 1727 703 rubi·

617 726 750 774 ginem
778 726 1036 770 inherentem‚
1064 726 1120 761 sic
1144 726 1314 761 inficitur
1337 726 1505 762 rectoris
1522 726 1658 761 fistula
1677 727 1728 761 ad

619 785 818 827 orandum,
867 785 1022 830 quando
1060 784 1341 830 temporalibus
1383 784 1495 819 nimis
1539 784 1727 824 afficitur,

620 855 705 878 cum
743 843 791 878 ad
820 843 896 877 hoc
929 842 1183 889 consequitur
1213 842 1383 878 servitus
1414 843 1642 888 ydolorum
1684 846 1753 879 et}

619 901 720 936 sicut
750 901 879 947 liquor
908 911 988 936 non
1019 901 1225 936 descendit
1256 911 1330 947 pet
1354 900 1523 936 fistulam
1555 902 1605 936 ad
1632 903 1724 937 sub-

619 958 773 1002 iectum,
798 958 873 994 nisi
898 958 1255 1004 proporcionaliter
1285 960 1336 993 ad
1362 958 1641 1005 scaturiginem
1672 960 1724 995 sit

620 1018 821 1063 depressa,
853 1017 909 1052 sic
940 1018 1126 1052 sacerdos
1158 1017 1308 1052 orando
1339 1028 1418 1052 non
1444 1017 1591 1052 mediat
1616 1018 1723 1053 inter

619 1076 748 1111 Deum
775 1081 816 1110 et
840 1077 1029 1122 populum
1056 1075 1131 1110 nisi
1158 1076 1398 1121 deponendo
1423 1075 1640 1111 elacionem
1670 1077 1720 1111 de

620 1145 663 1169 se
700 1133 788 1179 ipso
823 1133 1019 1169 humiliter
1049 1133 1210 1178 senciat,
1249 1132 1481 1169 subiciendo
1513 1145 1556 1169 se
1585 1134 1722 1169 debite
1738 1146 1768 1164 10

620 1193 748 1238 quoad
777 1193 918 1226 Deum.
963 1192 1060 1226 Ideo
1093 1198 1255 1226 caveret
1287 1203 1402 1238 papa,
1438 1193 1638 1238 quomodo
1670 1193 1721 1228 de

621 1249 858 1285 necessitate
890 1250 1025 1285 salutis
1056 1254 1213 1285 tenetur
1239 1260 1350 1285 orare
1378 1262 1453 1296 pro
1482 1252 1649 1296 popula,
1682 1257 1722 1285 et

620 1308 811 1354 precipue
850 1309 1060 1342 emundare
1091 1307 1294 1353 spirituale
1326 1319 1515 1354 organum
1547 1310 1598 1343 ab
1633 1309 1720 1344 istis

622 1366 778 1401 duobus
805 1366 1045 1410 criminibus;
1073 1365 1185 1401 aliter
1211 1366 1311 1401 enim
1339 1366 1481 1401 nedum
1502 1366 1720 1402 omittendo

622 1430 818 1471 peccaret,
850 1425 923 1459 sed
953 1424 1163 1459 mediando
1196 1424 1372 1458 inficeret
1403 1435 1566 1471 gregem
1595 1427 1764 1467 suum,¹5

623 1482 779 1517 dicente
804 1481 999 1528 Gregorio
1025 1481 1150 1527 primo
1175 1482 1386 1517 Pastoralis
1408 1482 1466 1517 X:
1497 1482 1640 1526 Cuncti,
1668 1484 1722 1518 in·

622 1541 716 1586 quit,
733 1541 874 1584 Ιίιμιὶιίο
893 1541 1078 1583 novimus,
1102 1541 1105 1587 Ι
1129 1542 1217 1586 quia
1236 1551 1321 1575 cum
1341 1542 1375 1576 is
1393 1542 1455 1584 qui
1478 1542 1651 1586 displicet
1669 1543 1722 1577 ad
1751 1541 1806 1571 ²3³⁸*

622 1600 926 1634 intercedendum
952 1600 1126 1644 mittitur,
1153 1600 1246 1634 irati
1271 1600 1427 1635 animus
1452 1601 1504 1634 ad
1528 1601 1719 1635 deteriora

618 1661 859 1702 provocatur.
908 1656 982 1702 Qui
1015 1657 1134 1702 igitur
1165 1658 1288 1692 adhuc
1322 1658 1524 1693 desideriis
1557 1660 1721 1693 terrenis

620 1715 859 1759 astringitur,
884 1718 1015 1749 caveat
1039 1726 1085 1750 ue
1102 1716 1264 1750 districti
1280 1717 1383 1751 iram
1403 1717 1540 1752 iudicis
1555 1717 1722 1761 gravius
1735 1726 1764 1744 2⁰

622 1774 834 1808 accendens.
866 1774 960 1808 dum
987 1774 1065 1808 loco
1090 1774 1294 1808 delectatur
1315 1774 1439 1818 glorie
1458 1774 1537 1818 fiat
1561 1775 1722 1810 subditis

622 1837 735 1866 autor
761 1833 878 1867 ruine.

672 1888 824 1924 Octava
859 1889 996 1924 abusio
1033 1896 1095 1924 est
1130 1890 1237 1935 quod
1274 1901 1376 1935 papa
1412 1895 1552 1925 oneret
1588 1902 1632 1925 se
1666 1891 1719 1926 in-

622 1947 875 1981 fundabiliter
918 1958 1038 1982 onere
1080 1947 1219 1982 alieno.
1263 1947 1338 1983 Hic
1375 1953 1503 1983 autem
1535 1949 1721 1995 exprimit

623 2003 841 2050 Gregorius
868 2005 994 2050 primo
1013 2005 1226 2040 Pastoralis
1253 2008 1326 2041 sub
1352 2005 1426 2040 hiis
1444 2007 1594 2042 verbis:
1625 2006 1723 2042 nim:
1734 2007 1762 2035 25

620 2064 821 2108 precipites
850 2064 1029 2108 colligant
1065 2074 1149 2098 cum
1177 2067 1318 2108 quanta-
1349 2065 1463 2110 culpa
1494 2075 1537 2100 ex
1557 2066 1721 2110 propriu

623 2123 789 2166 appetitu
808 2122 939 2156 ceteris
962 2121 1132 2165 preferri
1150 2133 1223 2156 non
1242 2125 1423 2165 metuunt,
1448 2124 1484 2158 si
1505 2125 1629 2158 sancti
1647 2125 1723 2159 viri

618 2180 785 2225 plebium
819 2181 1000 2214 ducatum
1031 2180 1219 2224 suscipere
1244 2180 1323 2215 Deo
1355 2181 1475 2216 eciam
1503 2181 1647 2216 iubente
1672 2182 1720 2216 ti-

625 2241 808 2273 muerunt.
850 2238 998 2282 Aonses
1032 2239 1211 2273 suadente
1246 2239 1411 2273 Domino
1446 2240 1621 2284 trepidat,
1660 2241 1721 2276 in-

636 2296 772 2331 firmus
795 2297 958 2340 quisque,
985 2300 1024 2330 ut
1039 2297 1194 2331 honoris
1218 2307 1313 2332 onus
1332 2299 1526 2342 suscipiat,
1553 2299 1725 2338 anhelat:
1736 2299 1769 2327 3⁰

624 2357 656 2389 et
685 2355 750 2398 qui
779 2355 832 2389 acl
862 2364 994 2388 casum
1027 2356 1135 2389 valde
1171 2358 1330 2400 urgetur
1360 2366 1406 2390 ex
1433 2356 1620 2401 propriis,
1648 2357 1720 2391 hu-

624 2423 774 2447 merum
798 2413 953 2447 llbenter
978 2413 1253 2458 opprimendus
1277 2414 1461 2449 submittit
1487 2414 1725 2458 ponderibus

624 2470 778 2512 alienis;
800 2481 870 2515 que
886 2471 960 2515 egit
975 2471 1088 2515 serre
1105 2482 1178 2506 uon
1197 2472 1305 2515 valet,
1332 2472 1451 2507 eciam
1473 2475 1596 2517 auget,
1623 2473 1725 2517 quod

684 2609 721 2628 αι.
748 2604 780 2628 B:
801 2604 929 2633 glou-wse-
1006 2604 1047 2628 23.
1073 2604 1156 2628 Codd.
1182 2605 1205 2628 iu
1229 2611 1328 2636 marg.:
1354 2605 1378 2630 8,
1460 2604 1501 2629 33.
1524 2604 1624 2630 (ζωὰς
1648 2612 1724 2636 quem

625 2642 789 2670 eget-serre.

689 2711 728 2740 ιύ.
749 2713 789 2740 St.
812 2712 967 2747 Gregorius
989 2713 1005 2740 1.
1028 2721 1051 2740 c.
1133 2713 1176 2741 28.
1199 2713 1240 2740 Dc
1263 2713 1341 2740 Cura
1361 2713 1437 2742 past.
1461 2714 1479 2747 Ι,
1502 2721 1563 2750 cup.
1579 2714 1613 2748 V,
1641 2723 1664 2743 ι.
