2202 3312
374 502 444 534 404

980 500 1167 528 JOHANNlS
1188 499 1343 527 WYCMF

614 588 721 634 quod
748 588 824 622 stul
848 587 852 633 Ι
875 593 955 622 tum
983 592 1044 622 est
1068 598 1259 632 pompare
1286 586 1335 621 de
1362 585 1555 632 dignitate
1574 590 1718 624 status,
1755 584 1814 621 ²54*

615 651 657 680 et
681 646 806 680 tercio
833 646 941 691 quod
959 657 1039 680 non
1058 650 1119 680 est
1134 644 1343 690 pompacio
1367 655 1418 679 ex
1435 644 1551 680 titulo
1571 644 1717 680 saneti-

614 704 715 747 tatis‚
752 708 793 738 et
829 715 1037 750 exponens
1064 703 1206 739 diffuse
1238 702 1547 748 descripcionern
1575 708 1715 737 sextu—

613 762 755 807 plicem
792 761 1083 807 pseudochristi
1113 772 1165 796 ex
1196 761 1364 806 epistola
1395 760 1511 795 Yude
1544 760 1717 806 exponit

613 819 821 866 tripliciter
847 820 939 866 quid
965 819 1060 855 dicit
1082 820 1362 865 Crysostomus
1389 819 1438 853 de
1463 818 1648 864 primatu,
1677 823 1741 853 eti

614 878 879 912 confirmando
912 889 984 923 per
1014 878 1143 924 legem
1175 876 1369 923 triplicem
1409 877 1518 922 quod
1544 877 1715 911 humana

614 936 763 970 eleccio
800 947 878 971 non
919 936 1013 970 facit
1053 937 1268 969 membrum
1312 935 1489 978 ecclesie,
1540 935 1714 969 inculcat

613 995 813 1039 quomodo
839 994 955 1028 sedes
980 999 1190 1034 mutantur,
1218 993 1417 1039 quomodo
1442 997 1604 1038 oportet
1623 993 1711 1028 ado·

615 1063 698 1092 rare
735 1052 862 1087 Deum
898 1052 936 1086 in
974 1051 1114 1097 spiritu
1152 1056 1191 1086 et
1228 1051 1393 1086 veritate
1432 1056 1473 1086 et
1509 1052 1711 1097 quomodo

614 1109 883 1144 abhominacio
926 1109 1190 1144 desolacionis
1240 1109 1431 1144 catholice
1474 1114 1613 1154 potest
1655 1109 1710 1143 in·
1726 1125 1754 1143 ιο

613 1166 748 1213 telligi.

662 1225 881 1271 Capitulum
901 1225 1092 1260 decimum
1113 1225 1241 1271 arguit
1263 1225 1541 1270 sextupliciter
1573 1230 1710 1260 contra

614 1283 732 1317 dicta:
778 1284 905 1329 primo
941 1295 1014 1329 per
1048 1284 1135 1328 hoc,
1173 1284 1280 1329 quod
1316 1283 1400 1318 sine
1431 1283 1502 1319 tali
1535 1282 1709 1318 dominio

613 1353 691 1375 non
711 1341 914 1376 sufficeret
926 1341 1013 1387 quis
1032 1342 1080 1376 ad
1098 1343 1239 1387 papale
1257 1341 1438 1386 officium,
1458 1346 1499 1376 et
1515 1342 1708 1376 narrando

615 1399 810 1434 cronicam
843 1400 892 1434 de
922 1399 1126 1445 irregulari
1156 1399 1355 1445 peticione
1386 1399 1553 1434 subsidii
1584 1399 1749 1434 cuius-15

613 1457 702 1491 dam
738 1468 843 1502 pape
870 1457 919 1491 de
947 1456 1114 1492 ecclesia
1141 1457 1359 1503 Anglicana
1388 1458 1610 1503 respondet
1646 1457 1707 1492 de-

613 1516 786 1560 tegendo
808 1514 1035 1550 versuciam.
1062 1514 1249 1550 Secundo
1267 1515 1388 1550 obicit
1405 1526 1477 1561 per
1496 1515 1574 1550 hoc
1601 1515 1708 1561 quod

613 1584 716 1618 papa
740 1573 861 1607 habet
884 1572 991 1607 illum
1017 1573 1225 1618 primatum
1250 1573 1473 1608 immediate
1498 1584 1520 1607 a
1536 1573 1640 1615 Deo,
1667 1578 1708 1608 ut

612 1632 758 1676 allegat
774 1631 975 1665 decretum
992 1630 1119 1666 XXII
1138 1631 1412 1671 distinccione3
1432 1636 1474 1666 et
1489 1632 1709 1677 respondet

613 1689 815 1723 declarans
847 1690 1044 1733 quomodo
1070 1700 1174 1734 papa
1200 1700 1251 1723 ex
1283 1688 1491 1724 dotacione
1523 1688 1750 1724 insolubi-20

613 1747 703 1781 liter
727 1746 944 1781 involvitur
970 1752 1010 1782 et
1036 1747 1235 1792 quomodo
1262 1758 1365 1792 papa
1383 1747 1533 1782 excidit
1550 1758 1573 1782 a
1590 1747 1706 1793 privi-

613 1804 720 1850 legio
740 1804 968 1839 conferendi
987 1805 1199 1850 dignitates
1218 1805 1386 1840 ecclesie
1415 1816 1489 1851 per
1504 1807 1583 1840 hoe
1600 1807 1704 1852 quod

614 1863 768 1907 preficit
784 1863 980 1908 indignos,
1008 1868 1048 1898 et
1065 1863 1189 1898 tercio
1208 1875 1366 1898 narrans
1386 1864 1434 1898 de
1453 1864 1706 1900 absolucione

614 1932 634 1954 a
661 1932 761 1965 pena
788 1926 829 1955 et
845 1933 867 1954 a
887 1922 1001 1966 culpa
1020 1922 1190 1956 declarat
1217 1922 1416 1967 quomodo
1445 1921 1483 1956 in
1501 1922 1580 1956 isto
1600 1924 1708 1958 credi

612 1979 733 2014 debet
759 1979 999 2018 doctoribus,
1027 1984 1066 2014 ot
1092 1979 1299 2014 obiciendo
1332 1980 1522 2015 dissolvit.
1564 1981 1748 2017 Terci025

613 2036 735 2071 obicit
770 2036 1039 2082 principaliter
1074 2049 1145 2082 per
1179 2038 1255 2071 hoc
1293 2039 1400 2083 quod
1436 2038 1545 2073 multi
1583 2040 1707 2075 sancti

613 2094 791 2140 episcopi
835 2100 875 2129 et
917 2096 1115 2129 seculares
1152 2096 1423 2140 approbarunt
1459 2096 1705 2133 dotacionem

613 2163 824 2192 cesareann
853 2158 893 2187 et
917 2153 1145 2198 respondet,
1172 2153 1308 2188 dicens
1335 2154 1443 2198 quod
1464 2153 1504 2188 in
1520 2155 1598 2189 hoc
1618 2168 1706 2201 pec-

615 2215 800 2245 caverant
825 2211 914 2256 plus
932 2211 996 2245 vel
1022 2210 1164 2254 minus3
1190 2211 1281 2246 ideo
1301 2222 1387 2246 cum
1407 2212 1515 2247 solus
1528 2212 1708 2249 Christus

611 2270 673 2303 vel
695 2268 926 2303 christianus
953 2270 1166 2303 secundum
1193 2270 1389 2304 racionem
1426 2281 1502 2315 qua
1528 2271 1750 2316 sequitui-'30

613 2326 805 2361 Christum
844 2332 904 2361 est
940 2329 1168 2373 sequendus
1203 2332 1327 2373 patet,
1376 2329 1484 2373 quod
1529 2340 1609 2364 non
1647 2341 1706 2365 se-

613 2384 753 2429 quitur,
790 2385 823 2419 si
858 2385 983 2421 sancti
1022 2385 1087 2431 qui
1123 2391 1390 2431 peccaverunt
1425 2386 1613 2422 continue
1650 2388 1707 2423 sic

613 2442 801 2485 fecerunt,
832 2448 925 2478 tunc
956 2443 995 2478 in
1024 2444 1100 2477 hoc
1134 2448 1194 2478 est
1220 2443 1367 2478 licitum
1394 2445 1506 2490 sequi
1533 2445 1634 2489 illos,
1667 2452 1708 2482 et

611 2502 831 2546 respondet
859 2502 906 2535 ad
937 2501 1136 2536 obiectum
1163 2513 1241 2547 quo
1263 2502 1421 2547 fingitur
1447 2503 1553 2548 quod
1580 2505 1708 2540 sancti

612 2570 688 2592 non
718 2559 971 2603 penituerunt
997 2561 1046 2594 de
1074 2560 1149 2594 isto
1177 2559 1334 2603 delicto,
1373 2565 1413 2595 et
1439 2561 1487 2595 ad
1505 2561 1706 2598 obiectum
1721 2568 1753 2596 35

668 2700 692 2720 4,
710 2692 741 2715 122
760 2696 784 2715 el
799 2693 914 2723 epff‘xtnla.
978 2693 1013 2717 15,
1032 2693 1130 2717 cuda:
1147 2694 1318 2724 irregulari-v.
