2202 3312
377 472 444 505 ¹50
984 468 1171 504 JOHANNIS
1191 470 1348 499 wrcen·-
1545 458 1638 509 [οη.
1657 468 1711 493 vn.

613 562 810 603 ponentes
823 563 1032 604 utrumque
1051 569 1186 593 eorum
1198 568 1290 594 esse
1300 558 1450 593 bonum
1467 557 1713 594 sacerdotem

612 621 731 661 atque
768 617 1012 659 catholicum,
1057 616 1185 662 parati
1221 620 1314 651 sunt
1348 615 1514 651 obedire
1555 615 1713 662 utrique

614 675 830 710 secundum
841 675 1019 718 formam,
1045 685 1123 721 qua
1137 674 1362 720 Apostolus
1379 673 1560 710 obedivit
1577 673 1713 710 debite

611 733 732 767 beato
758 733 892 768 Petro.
934 733 987 768 Et
1013 732 1250 779 quicumque
1281 731 1498 768 extorserit
1527 731 1713 768 maiorem

613 791 887 826 obedienciam
929 796 992 826 est
1027 795 1250 837 suspectus.
1309 790 1455 826 Petrus
1489 790 1593 826 enim
1632 793 1740 826 non5

612 849 734 895 peciit
759 850 1032 885 obedienciam
1062 849 1248 886 maiorem
1273 860 1295 884 a
1319 850 1473 896 populo
1501 848 1579 885 nisi
1605 848 1714 895 quod

614 908 795 943 credatur
823 908 924 943 fides
956 907 1103 943 Christi
1133 913 1176 943 et
1205 907 1421 943 efficaciter
1450 918 1575 954 opere
1606 917 1712 942 com·

612 967 778 1012 pleatur.
821 966 912 1002 Non
948 967 1050 1002 enim
1086 965 1210 1013 peciit
1234 965 1548 1002 dominacionem
1576 963 1712 1008 seculi,

386 1039 460 1066 τηεν
478 1041 541 1064 nave
559 1047 591 1064 no
614 1024 820 1069 pecuniam
846 1024 911 1059 vel
937 1024 1121 1070 vectigal.
1157 1023 1243 1060 Nec
1269 1025 1409 1060 subest
1438 1023 1551 1060 alteri
1576 1033 1713 1059 eorum

394 1067 580 1122 3ξὲὶῶῡὶῗῆἇῇ
615 1082 826 1118 auctoritas
852 1083 942 1129 plus
961 1082 1164 1128 querendi,
1190 1087 1232 1117 et
1255 1081 1483 1128 specialiter
1494 1081 1545 1117 de
1566 1080 1713 1128 reg-nis,
1727 1093 1761 1114 ιο

430 1127 540 1180 ἦξζῗῑὲξζξ
614 1140 773 1186 populis
799 1141 864 1175 vel
890 1140 1073 1186 personis
1099 1139 1301 1186 exigendo
1327 1139 1516 1186 pecunias
1537 1139 1603 1175 vel
1628 1139 1712 1185 pin-

407 1186 566 1248 {Hgififfi
613 1198 748 1244 guium
797 1198 1080 1234 beneficiorum
1133 1198 1379 1241 collaciones,
1431 1198 1507 1233 nisi
1547 1198 1711 1233 fundare

421 1244 547 1274 ¹⁰¹⁶⁵¹¹¹⁹'
613 1255 775 1291 sciverit
806 1268 858 1290 ex
887 1257 1045 1291 racione
1077 1258 1142 1291 vel
1173 1257 1366 1302 scriptura
1397 1256 1506 1302 quod
1532 1255 1712 1291 Christus

612 1315 678 1349 vel
695 1314 839 1350 Petrus
857 1315 1130 1350 obedienciam
1155 1314 1378 1350 huiusmodi
1401 1313 1631 1350 vendicavit
1646 1314 1712 1349 vel

614 1373 751 1408 debuit
776 1372 999 1408 vendicare.
1042 1371 1084 1408 Si
1121 1378 1250 1408 autem
1286 1374 1384 1408 alter
1419 1384 1557 1408 eorum
1583 1382 1709 1420 regno
1725 1376 1754 1404 15

613 1431 675 1465 vel
707 1431 860 1476 populo
891 1430 1009 1465 fidem
1036 1430 1180 1466 Christi
1210 1430 1417 1476 predicare
1447 1429 1620 1466 voluerit
1646 1430 1711 1465 vel

611 1489 729 1523 fidem
748 1493 974 1534 susceptam
990 1488 1114 1523 instar
1129 1488 1239 1523 Petri
1256 1488 1487 1524 confirmare
1505 1487 1709 1532 miraculis,

612 1547 771 1582 videtur
811 1546 927 1582 michi
969 1548 1077 1593 quod
1111 1547 1284 1593 populus
1320 1551 1522 1594 gratanter
1567 1547 1711 1582 debeat

614 1605 787 1650 obedire,
814 1605 1125 1641 dominacionem
1151 1611 1280 1641 autem
1305 1611 1350 1641 ut
1366 1616 1563 1640 venenum
1589 1604 1711 1639 debet

615 1664 829 1710 expellere,
856 1663 1009 1710 gracias
1035 1674 1159 1709 agens
1177 1664 1277 1707 Deo,
1304 1663 1371 1709 qui
1396 1662 1646 1699 abbreviavit
1670 1667 1711 1697 et
1722 1676 1753 1694 ιο

615 1722 769 1758 detexit
795 1733 1035 1758 venenosam
1064 1722 1311 1769 tyrannidem
1338 1721 1583 1757 Antichristi.
1624 1720 1708 1756 Nec

614 1786 772 1816 moveat
788 1782 896 1827 quod
913 1786 1094 1827 tempora
1110 1781 1186 1816 ista
1202 1784 1293 1815 sunt
1309 1790 1516 1826 prospera,
1534 1778 1711 1815 Christus

615 1844 745 1874 autem
780 1839 886 1884 dicit,
923 1840 1031 1885 quod
1073 1842 1125 1874 est
1159 1839 1359 1874 tribulacio
1394 1845 1551 1884 magna,
1587 1838 1712 1883 qualis

615 1908 811 1943 nunquam
818 1897 913 1941 suit.
938 1896 1132 1943 Loquitur
1150 1902 1279 1932 autem
1297 1897 1347 1931 de
1361 1895 1573 1931 miserabili
1591 1895 1709 1930 tribu-

614 1955 766 1990 lacione
792 1955 918 1990 anime
943 1955 1113 1990 maxima
1139 1967 1216 2001 que
1252 1956 1326 1990 iam
1351 1955 1482 1997 instat,
1509 1954 1602 2000 quia
1624 1954 1708 1988 dor·
1723 1959 1753 1986 25

615 2013 730 2048 micio
750 2013 935 2059 Symonis
954 2018 994 2048 et
1012 2013 1127 2048 Yude
1150 2013 1285 2060 vigilia
1308 2013 1349 2047 in
1376 2013 1540 2048 cautelis
1566 2011 1713 2047 faciunt

614 2071 786 2118 litargire
817 2072 922 2117 quod
957 2072 1068 2106 multi
1098 2082 1265 2116 sompno
1296 2071 1453 2106 letifero
1476 2070 1482 2116 Ι
1504 2069 1712 2105 insensibi-
1746 2072 1798 2110 ¹9⁸⁹

383 2136 500 2181 Uwyctjv,
516 2136 583 2188 wiq'¹
615 2130 705 2165 liter
721 2129 945 2165 moriantur.
964 2129 1133 2165 Paratus
1148 2140 1235 2165 sum
1258 2132 1385 2164 autem
1402 2139 1580 2164 revocare
1597 2129 1711 2163 istam

378 2171 574 2219 “emmaus-an„
585 2170 604 2189 't
614 2188 855 2231 sentenciam,
872 2188 977 2222 docto
997 2188 1095 2233 quod
1111 2188 1160 2222 sit
1177 2188 1374 2222 contraria
1382 2187 1482 2231 fidei
1498 2186 1712 2222 christiane.

617 2246 698 2280 Sed
734 2245 892 2280 videtur
937 2245 1053 2280 michi
1088 2245 1247 2280 indubie
1284 2246 1391 2291 quod
1431 2255 1512 2279 non
1547 2244 1712 2290 amplius
1725 2249 1758 2278 30

617 2314 731 2349 quam
749 2308 950 2339 ostensum
969 2309 1042 2349 est,
1060 2304 1182 2339 debet
1199 2303 1414 2338 catholicus
1436 2303 1554 2337 talem
1573 2304 1713 2338 ducem

617 2362 731 2407 sequi
756 2362 821 2397 vel
848 2362 884 2397 ei
910 2367 953 2398 ut
978 2362 1121 2398 Christi
1147 2361 1293 2397 vicario
1323 2361 1497 2406 obedire,
1530 2366 1571 2396 et
1595 2361 1713 2396 nichil

676 2495 700 2520 5.
717 2495 762 2520 AB
780 2495 804 2519 in
823 2502 919 2525 marga
938 2495 1052 2520 obedire
1063 2502 1139 2526 pape.

677 2567 721 2594 23.
743 2565 842 2594 Matth.
864 2565 963 2601 XXIV,
986 2573 1030 2592 21.
1116 2564 1160 2592 28.
1188 2564 1218 2591 In
1245 2564 1508 2592 Protestationibus
1532 2564 1556 2593 J.
1579 2564 1626 2592 W.
1651 2563 1712 2601 (ed.

619 2613 728 2651 Hester,
756 2616 837 2641 Anna
859 2622 885 2642 v.
908 2614 1092 2649 luxemburg
1118 2613 1146 2639 in
1173 2612 1394 2640 Denkschristen
1422 2612 1474 2640 der
1494 2612 1615 2640 Wiener
1635 2613 1711 2641 Aka-

618 2662 713 2689 demie
740 2662 871 2697 187os7x,
895 2671 921 2698 p.
947 2660 1010 2698 147)
1032 2661 1103 2689 haec
1125 2661 1298 2697 protestacio
1319 2661 1408 2688 deest.
