2202 3312
412 931 463 955 and
480 931 510 954 of
524 931 566 954 tlte

402 966 508 990 powers
521 960 575 983 that

377 989 408 1013 he
424 989 446 1013 is
464 989 597 1022 »opposed

424 1022 451 1042 to
468 1018 554 1042 meld.

392 1907 434 1931 'ro
451 1908 481 1931 bc
498 1915 512 1932 a
527 1912 583 1933 true

388 1938 587 1990 gopehggeiinliss

407 1973 419 1989 e
436 1973 521 2019 cssod.
566 1974 581 1998 y

978 485 1166 513 Jomxsts
1186 484 1340 512 wvcmf
1537 474 1635 522 [cap.
1660 485 1713 509 111

615 574 722 615 tutis,
765 580 808 609 ut
849 573 986 608 dicunt
1025 572 1251 619 philosophi
1285 580 1327 607 et
1359 574 1500 608 beatus
1534 574 1719 617 Jacobus

617 631 654 666 II
682 643 765 677 cap.
810 632 859 666 Et
894 637 1005 677 patet
1039 642 1092 666 ex
1125 631 1202 665 hoc
1237 630 1432 676 principio
1462 633 1573 677 quod
1599 632 1719 667 Deus

615 690 784 725 honorat
815 690 1013 725 hominem
1049 687 1401 734 proporcionaliter
1429 690 1479 723 ad
1503 689 1716 731 virtutem:

617 747 774 782 videtur
808 747 929 793 igitur
963 746 1071 792 quod
1106 757 1220 792 papa,
1255 757 1343 781 cum
1378 746 1473 781 dicit
1506 758 1553 781 se
1589 748 1718 793 digne

616 805 844 840 consentire
881 804 1134 839 antecedenti
1169 804 1394 839 consentire
1434 805 1583 840 debeat
1621 811 1746 840 con-3

617 863 808 909 sequenti.

665 921 776 964 Item,
811 932 915 968 papa
950 922 1008 966 (ut
1037 921 1126 967 ipse
1157 926 1198 956 et
1222 920 1283 956 sui
1308 920 1483 955 fautores
1512 923 1720 966 asserum)

617 979 723 1025 gerit
748 979 997 1026 singulariter
1014 979 1194 1014 vicariam
1213 978 1338 1014 vicem
1357 978 1501 1014 Christi
1517 978 1558 1013 in
1583 980 1721 1015 terris.

617 1037 673 1072 sic
699 1038 808 1084 quod
831 1038 920 1083 ipse
938 1037 1127 1072 infinitum
1145 1037 1305 1072 excedit
1324 1037 1422 1072 alios
1438 1048 1720 1084 quoscumque

617 1095 844 1141 episcopos,
870 1096 971 1130 sicut
996 1096 1174 1131 Christus
1199 1094 1390 1130 infinitum
1416 1096 1595 1130 excessit
1619 1107 1719 1142 apo-
1736 1111 1769 1129 ιο

616 1154 754 1198 stolos,
791 1159 834 1189 ut
858 1158 971 1200 patet
995 1154 1046 1188 de
1072 1153 1331 1200 indulgenciis
1356 1158 1397 1188 et
1422 1153 1720 1199 equiparanciis

616 1217 815 1258 quotquot
850 1211 936 1246 aliis
972 1211 1173 1257 episcopis
1209 1217 1250 1246 et
1283 1211 1359 1246 sibi
1385 1211 1425 1245 in
1450 1212 1720 1251 excellencia:

616 1270 687 1304 sed
725 1275 849 1304 totum
876 1269 971 1304 illud
997 1269 1103 1304 foret
1127 1269 1382 1311 mendacium,
1418 1269 1492 1304 nisi
1522 1280 1598 1304 eos
1622 1281 1719 1315 pro-

615 1327 896 1373 porcionaliter
938 1328 1154 1362 excederet
1194 1327 1234 1361 in
1271 1326 1430 1369 virtute,
1470 1326 1595 1372 igitur
1634 1329 1720 1363 hoc

615 1385 738 1420 debet
764 1385 946 1431 supponi.
989 1384 1080 1420 Non
1105 1384 1209 1420 enirn
1246 1384 1368 1420 debet
1394 1384 1568 1430 supponi
1604 1388 1720 1431 quod
1737 1393 1768 1419 15

615 1453 718 1488 papa
734 1448 901 1488 propter
918 1442 1059 1478 fastum
1079 1449 1118 1477 et
1132 1447 1314 1488 questum
1332 1442 1454 1477 seculi
1470 1443 1721 1479 mendaciter

616 1501 763 1536 debeat
799 1502 847 1536 ad
884 1501 973 1536 talia
1009 1501 1190 1547 aspirare.
1232 1501 1329 1536 Ideo
1366 1500 1461 1536 dicit
1492 1500 1719 1547 Gregorius

615 1558 683 1594 ubi
707 1570 841 1604 supra:
873 1559 1025 1605 Oportet
1049 1570 1213 1604 namque
1237 1561 1277 1593 ut
1296 1561 1433 1604 pastor
1455 1560 1587 1593 metiri
1602 1561 1717 1594 solli-

614 1618 684 1652 cite
707 1618 866 1661 studeat,
890 1621 1033 1663 quanta
1057 1618 1211 1652 tenende
1234 1617 1471 1652 rectitudinis
1494 1620 1720 1653 necessitate

614 1676 897 1721 constringitur,
931 1676 1001 1711 sub
1025 1676 1133 1711 cuius
1158 1676 1398 1711 estimacione
1422 1676 1592 1721 populus
1618 1684 1719 1722 grex
1732 1691 1767 1710 20

615 1736 789 1775 vocatur,⁸
805 1734 926 1779 igilur
943 1744 1089 1769 necesse
1104 1736 1209 1769 estut
1224 1734 1273 1769 sit
1283 1734 1512 1779 cogitacione
1529 1735 1718 1777 mundus,

614 1792 765 1827 accione
789 1792 1009 1837 precipuus,
1037 1802 1109 1837 pre
1133 1792 1276 1827 cunctis
1300 1793 1619 1838 contemplacione
1643 1803 1716 1828 su-

612 1859 783 1894 spensus.

661 1906 774 1950 Item,
810 1908 858 1942 ad
894 1919 983 1943 esse
1009 1908 1094 1943 veri
1128 1919 1233 1954 pape
1266 1907 1477 1954 requiritur
1508 1908 1717 1954 originalis

614 1964 690 1999 Dei
733 1966 895 2008 eleccio,
938 1967 1010 2001 sed
1045 1966 1157 2001 Deus
1199 1977 1278 2000 non
1321 1965 1433 2013 eligit
1474 1966 1523 2001 ad
1565 1968 1716 2013 papale
1729 1975 1764 2003 25

614 2023 785 2058 officium
823 2024 896 2059 nisi
923 2024 1084 2070 dignum
1112 2029 1151 2059 et
1177 2023 1324 2059 virtute
1349 2028 1515 2059 cunctos
1550 2030 1716 2060 ceteros

613 2081 933 2126 preeminentem‚
959 2082 1080 2130 igitur
1106 2082 1218 2117 aliter
1242 2094 1321 2117 non
1348 2087 1410 2118 est
1433 2093 1547 2128 papa.
1584 2083 1716 2119 Maior

613 2151 664 2174 ex
699 2140 778 2175 fide
800 2141 805 2186 f
829 2151 926 2186 sepe
963 2141 1066 2176 dicta
1103 2140 1356 2186 supponitur;
1400 2145 1563 2186 oportet
1607 2140 1714 2176 enim
1753 2148 1819 2177 251⁵

612 2198 739 2232 Deum
768 2209 1002 2233 concurrere
1029 2210 1116 2233 cum
1135 2198 1314 2245 quolibet
1339 2203 1484 2245 agente
1510 2204 1648 2233 creato
1671 2205 1716 2235 et

613 2266 728 2290 omne
764 2267 864 2302 opus
901 2262 1079 2292 creature
1114 2257 1330 2302 legitimum
1355 2256 1535 2302 primitus
1565 2267 1714 2302 appro-
1728 2266 1764 2294 30

611 2316 721 2356 bare3
765 2325 850 2349 cum
892 2315 1015 2361 igitur
1055 2316 1268 2349 secundum
1310 2314 1588 2350 humanitatem
1628 2326 1713 2350 non

612 2371 723 2417 eligit
748 2373 980 2418 regulariter
1002 2383 1138 2418 papas,
1175 2377 1286 2418 patet
1312 2373 1420 2418 quod
1437 2377 1600 2418 oportet
1619 2383 1713 2408 eum

611 2430 826 2464 secundum
864 2430 1106 2466 divinitatem
1153 2430 1353 2466 eleccione
1389 2435 1524 2466 eterna
1555 2430 1713 2477 eligere

671 2570 703 2588 ιι.
722 2564 754 2588 13:
780 2566 806 2588 et
830 2564 909 2588 deest,
935 2563 986 2588 Hic
1005 2564 1079 2588 locus
1100 2568 1239 2595 corruptus
1259 2568 1306 2589 est.
1397 2570 1434 2595 17.
1457 2563 1543 2589 codd.
1564 2564 1591 2589 in
1608 2571 1710 2595 marga

611 2601 704 2626 Pastor
724 2603 809 2633 quatis
824 2609 880 2627 esse
895 2603 985 2627 debeat
996 2609 1044 2633 per
1059 2605 1139 2627 totum
1155 2603 1204 2627 hic.

670 2672 713 2700 18.
735 2672 805 2709 Cap.
828 2673 847 2701 1.
