2202 3312
379 466 444 500 ¹44
978 463 1167 494 sommus
1188 463 1345 493 wvcmF
1545 454 1639 500 [cm
1656 461 1714 488 vll·

613 559 679 598 ego
713 563 780 587 vos
810 553 938 597 gmui.
987 551 1038 586 Et
1074 550 1159 588 Gal.
1195 550 1265 595 IV,
1300 562 1340 596 ¹9
1378 551 1584 598 signanter
1619 550 1714 588 dicit

612 610 849 656 Apostolus:
866 610 987 654 filioli
1012 610 1088 645 mei
1103 620 1196 655 quos
1217 610 1357 646 iterum
1376 609 1573 656 parturio,
1598 610 1716 646 donec

611 669 811 712 formetur
847 668 1020 704 Christus
1054 669 1095 704 in
1129 669 1243 704 vobis.
1294 667 1391 704 Ideo
1428 666 1571 704 dicitur
1605 668 1714 715 quod

611 725 750 761 mulier
773 726 933 772 peperit
957 727 1077 761 filium
1103 726 1327 772 masculum,
1351 725 1421 773 qui
1436 726 1712 772 redempturus

613 789 674 819 est
705 796 841 821 omnes
872 790 1026 831 gentes,
1048 785 1053 832 Ι
1075 785 1208 821 Draco
1233 789 1365 820 autem
1395 789 1459 821 est
1474 784 1712 831 quicumque
1743 784 1849 821 ¹9⁵¹

399 849 570 896 12¹0.ds³}÷³‘’¹·
613 842 789 888 capitalis
831 844 870 878 in
905 842 1074 878 eeclesia
1098 841 1343 886 Antichristi,
1385 842 1503 878 draco
1544 847 1712 889 propter

400 880 571 949 '⁸¹⁶”Zffirf'oe
611 912 805 937 venenum
823 901 1022 947 ypocrisis
1035 905 1077 936 et
1087 900 1341 937 voracitatem
1355 900 1497 947 populi
1512 900 1712 947 simplicis.

410 937 562 963 ‘mmm’
611 959 780 1007 Magnus
816 964 945 994 autem
980 963 1150 1005 propter
1184 957 1481 1006 protensionem
1516 958 1710 1006 potencie,

610 1017 720 1052 rufus
737 1022 904 1063 propter
923 1016 1156 1052 effusionem
1174 1016 1386 1063 sanguinis,
1403 1027 1522 1064 quem
1535 1017 1711 1062 consilio,

611 1074 755 1110 auxilio
783 1080 823 1110 et
848 1075 1074 1121 specialiter
1098 1075 1311 1112 omissione
1329 1079 1465 1112 causat
1482 1074 1525 1110 in
1541 1076 1710 1112 ecclesia
1723 1086 1753 1105 ¹⁰

611 1144 663 1168 ex
681 1144 895 1178 consensu;
923 1144 1092 1169 necesse
1110 1133 1268 1180 quidem
1287 1137 1350 1169 est
1366 1137 1410 1169 ut
1425 1132 1589 1169 veniant
1604 1133 1709 1169 bella

610 1191 712 1228 inter
737 1196 881 1238 gentes
908 1197 948 1227 et
973 1203 1098 1238 regna
1122 1203 1196 1238 pro
1222 1192 1445 1227 inordinato
1462 1202 1595 1227 amore
1616 1195 1708 1227 tem·

609 1250 809 1296 poralium,
836 1251 994 1296 quando
1019 1251 1251 1286 sacerdotes
1277 1249 1431 1294 Christi,
1461 1250 1530 1296 qui
1561 1249 1710 1286 debent

609 1309 796 1344 mundum
845 1309 1077 1355 relinquere,
1128 1314 1219 1344 sunt
1267 1309 1435 1344 maxime
1480 1308 1707 1345 mundiales.

610 1366 773 1413 Septem
806 1367 934 1413 capita
963 1372 1055 1402 sunt
1086 1367 1320 1402 universitas
1356 1370 1611 1413 peccatorum
1642 1368 1749 1402 vel15

610 1425 912 1468 evidenciarum,
925 1426 1068 1471 quibus
1087 1426 1226 1461 suadet
1238 1437 1281 1461 se
1294 1437 1385 1461 esse
1398 1429 1517 1472 caput
1529 1425 1707 1462 ecclesie.

609 1483 661 1518 Et
671 1484 808 1518 decem
822 1494 968 1519 cornua
984 1484 1219 1519 universitas
1234 1487 1523 1530 potentatuum,
1535 1484 1605 1530 qui
1614 1484 1706 1520 mili-

609 1546 693 1576 tant
717 1543 792 1577 sub
811 1542 958 1577 vexillo
978 1542 1093 1577 huius
1104 1542 1295 1588 principis
1307 1542 1550 1579 Antichristi.
1576 1541 1707 1578 Gauda

610 1600 694 1635 eius
711 1605 773 1635 est
799 1600 893 1635 cleri
906 1600 1175 1644 communitas,
1201 1611 1278 1646 que
1297 1601 1482 1646 exemplo
1507 1612 1580 1636 suo
1591 1600 1706 1635 trahit

609 1658 744 1693 stellas
778 1658 817 1693 in
853 1662 1004 1700 terram,
1040 1659 1195 1704 quando
1232 1658 1340 1694 viros
1376 1658 1706 1704 contemplativos
1718 1668 1747 1687 :o

609 1716 767 1760 inducit,
803 1721 847 1751 ut
882 1717 1113 1752 deserentes
1148 1717 1402 1763 splendorem
1436 1716 1626 1752 virtutum
1667 1721 1706 1752 et

609 1774 725 1809 situm
761 1775 880 1809 altum
914 1774 953 1810 in
989 1774 1232 1810 firmamento
1264 1775 1432 1810 ecclesie
1458 1774 1707 1810 mundialiter

610 1838 904 1869 conversantur.
922 1832 1095 1879 Oportet
1112 1832 1231 1879 igitur
1249 1834 1357 1879 quod
1376 1832 1521 1869 Christi
1537 1833 1704 1869 vicarius

609 1891 660 1925 sit
694 1890 850 1926 minime
886 1890 1102 1930 mundialis,
1147 1895 1189 1925 ut
1223 1895 1337 1936 patet
1370 1891 1458 1935 Joh.
1492 1890 1627 1936 XVII,
1667 1895 1706 1926 et

609 1949 639 1985 I.
665 1949 751 1993 Joh.
775 1949 822 1992 V,
853 1949 943 1995 quia
973 1949 1086 1984 aliter
1115 1949 1336 1994 submergit
1365 1960 1408 1985 se
1438 1949 1477 1985 in
1507 1949 1602 1985 mari
1627 1961 1705 1985 non
1716 1951 1745 1979 25

610 2018 697 2042 cum
724 2008 844 2042 Petro
882 2007 1082 2042 ambulans
1116 2006 1287 2042 fideliter
1321 2018 1442 2053 super
1472 2018 1605 2053 aquas.
1655 2008 1706 2042 Et

609 2066 684 2102 iste
711 2066 913 2101 sentencia
938 2065 1169 2111 evangelica
1193 2067 1381 2101 movebat
1405 2066 1564 2101 beatum
1586 2066 1704 2101 Bern-

609 2125 771 2158 hardum
807 2124 908 2158 libro
946 2123 1005 2158 III
1042 2124 1090 2158 ad
1125 2123 1359 2169 Eugenium,
1394 2124 1551 2170 quando
1589 2124 1703 2159 dixit:

610 2182 767 2217 Nullum
786 2182 852 2216 tibi
868 2192 1063 2224 venenum,
1081 2182 1229 2217 nullum
1242 2182 1421 2226 gladt'um
1439 2182 1506 2217 tibi
1515 2181 1704 2227 formido,

609 2251 725 2285 quam
750 2241 945 2275 libidinem
970 2241 1208 2275 dominandi.
1715 2242 1747 2271 30

658 2297 773 2333 Unde
809 2297 1059 2343 Augustinus
1100 2308 1282 2333 sermone
1319 2297 1422 2332 XIV
1460 2297 1523 2333 De
1559 2298 1703 2333 Verbis

609 2355 768 2391 Domini
794 2360 935 2390 notans
962 2356 1185 2390 navic-ellam
1202 2355 1308 2390 Petri
1323 2356 1480 2400 signare
1507 2357 1702 2391 ecclesiam

610 2418 643 2449 et
667 2424 778 2449 mare
793 2415 973 2458 seculum,
1001 2413 1108 2449 cuius
1124 2413 1267 2449 fluctus
1289 2418 1381 2449 sunt
1396 2413 1703 2460 persecuciones

609 2476 865 2518 tyrannorum
911 2471 1057 2506 inflicte
1103 2472 1296 2517 fidelibus,
1338 2472 1458 2507 docet
1503 2473 1703 2518 quomodo

668 2588 691 2612 8.
709 2587 728 2611 Β
744 2587 770 2611 in
788 2594 884 2617 marga
901 2587 989 2611 Draco
1004 2593 1094 2618 agnus
1108 2586 1191 2617 rusus.

670 2656 712 2686 28.
735 2657 789 2686 Ubi
811 2666 907 2694 supra.
989 2659 1033 2686 31.
1054 2658 1131 2694 Opp.
1153 2663 1224 2686 tom.
1239 2658 1273 2692 V,
1296 2658 1429 2694 Append.
1450 2666 1479 2694 p.
1502 2657 1565 2685 132.
