2202 3312
373 461 436 493 128

977 473 1167 502 sommus
1188 472 1344 503 wvcur
1556 462 1716 514 [exam.

607 558 707 594 libet
730 559 985 595 indivisibilia
1003 560 1165 596 excedit
1181 560 1296 602 aliud.
1321 571 1410 596 nam
1426 560 1472 596 P.
1489 567 1718 608 superstes,

608 616 676 663 qui
701 616 852 663 incepit
887 629 975 653 cum
1001 618 1127 654 Paulo
1163 629 1268 654 nunc
1303 618 1511 655 desinente
1545 625 1612 656 est
1636 631 1717 666 per

606 674 757 711 instans
783 676 978 722 antiquior
1003 687 1119 722 quam
1153 676 1231 712 fuit
1246 676 1392 712 Paulus
1409 678 1476 712 vel
1498 676 1607 724 ipse;
1633 689 1714 715 nec

607 738 669 769 est
705 733 899 780 possibile
935 745 1053 769 unum
1091 734 1318 770 continuum
1340 734 1346 781 Ι
1367 745 1442 781 per
1465 734 1714 772 indivisibile
1751 741 1816 781 192¹

606 793 804 828 excedere
831 791 935 827 aliud
959 792 1035 828 nisi
1060 792 1298 828 indivisibile
1323 792 1473 829 faciens
1490 794 1541 830 ad
1555 794 1714 831 maiori·
1728 800 1743 828 5

605 854 727 886 tatem
746 850 829 886 eius
847 850 899 886 sit
915 862 1007 898 pars
1025 851 1114 887 talis
1131 851 1299 897 maioris,
1324 856 1368 887 ut
1385 856 1450 887 est
1465 851 1506 887 in
1522 853 1712 889 numeris.

605 908 656 944 Et
681 908 738 944 sic
764 913 903 955 potest
928 909 1041 955 argui
1059 909 1110 945 de
1135 913 1241 946 statu
1266 909 1445 946 sanitatis
1462 911 1528 946 vel
1548 910 1713 947 infirmi-

605 967 705 1012 tatis,
731 968 782 1003 de
808 978 886 1014 quo
904 968 992 1014 quis
1009 967 1208 1005 meritorie
1234 968 1420 1004 continue
1443 967 1553 1004 elicit
1575 972 1711 1004 actum

606 1026 789 1070 caritatis,
819 1027 1031 1072 gaudendo
1058 1030 1099 1062 et
1127 1027 1325 1063 laudando
1349 1027 1481 1063 Deum
1505 1027 1558 1063 de
1581 1032 1709 1068 statu:

606 1089 647 1120 et
688 1089 802 1130 patet
843 1086 951 1131 quod
994 1089 1105 1120 actus
1147 1084 1378 1121 terminatur
1413 1084 1622 1120 exclusive
1657 1086 1710 1121 ad
1726 1099 1761 1119 ιο

604 1142 753 1177 instans
790 1148 833 1178 ut
864 1143 1010 1178 sanitas
1045 1144 1113 1179 vel
1136 1142 1350 1188 infirmitas,
1381 1148 1422 1178 et
1447 1143 1507 1188 (ut
1530 1142 1707 1188 videtur)

607 1205 670 1235 est
696 1201 882 1236 continue
907 1212 1037 1237 novus
1063 1207 1185 1247 actus,
1217 1201 1321 1237 sicut
1345 1201 1533 1237 continue
1557 1213 1707 1238 novum

606 1258 816 1305 obiectum,
843 1261 892 1295 ad
911 1261 1019 1306 quod
1036 1265 1147 1295 actus
1170 1260 1440 1295 essencialiter
1464 1259 1704 1296 terminatur.

605 1317 657 1352 Et
680 1316 734 1353 ita
756 1318 915 1353 videtur
940 1319 1047 1364 quod
1079 1318 1203 1364 captis
1230 1319 1385 1353 duobus
1408 1317 1702 1364 predestinatis,

605 1386 769 1421 quorum
795 1375 909 1422 primi
944 1377 1124 1412 meritum
1159 1376 1391 1412 terminetur
1421 1375 1627 1412 exclusive
1653 1377 1703 1411 ad
1720 1381 1750 1410 ιΞ

605 1434 813 1480 septimum
856 1435 1034 1480 gradum,
1076 1440 1117 1470 et
1151 1434 1315 1470 secundi
1357 1435 1480 1470 totale
1521 1435 1701 1470 meritum

604 1492 836 1528 terminetur
870 1492 1062 1528 inclusive
1097 1494 1145 1528 ad
1172 1494 1340 1528 eundem
1365 1493 1540 1539 gradum,
1575 1498 1700 1528 status

602 1550 769 1596 primum
803 1551 843 1586 in
877 1551 1003 1597 patria
1028 1551 1386 1597 correspondenter
1415 1562 1460 1587 se
1484 1551 1701 1595 habebunt;

605 1620 679 1644 nec
706 1609 917 1655 negabitur
952 1610 1205 1654 antecedens,
1242 1621 1329 1645 cum
1364 1614 1443 1645 stat
1468 1610 1519 1644 de
1544 1609 1700 1645 duobus

602 1667 884 1713 predestinatis
921 1680 1037 1703 unum
1063 1668 1267 1704 exclusive
1294 1673 1335 1703 et
1365 1667 1480 1703 alium
1504 1667 1699 1703 inclusive
1711 1681 1746 1700 πο

603 1726 779 1772 incipere
822 1726 963 1762 mereri
1006 1728 1054 1762 ab
1098 1727 1238 1762 eodem
1274 1726 1443 1762 instanti.
1484 1725 1699 1772 Postquam

604 1784 848 1830 originaliter
888 1785 1095 1831 peccando
1138 1785 1324 1820 continue
1375 1784 1621 1820 antefuerant
1661 1785 1699 1819 in

602 1843 757 1878 mortali
780 1848 820 1878 et
838 1844 1023 1879 continue
1047 1843 1238 1889 equaliter
1255 1844 1444 1878 merendo
1466 1854 1541 1889 pro
1559 1843 1699 1878 eodem

602 1900 762 1936 instanti
788 1902 993 1937 decedant.
1031 1902 1196 1937 Constat
1222 1902 1380 1947 quidem
1412 1902 1519 1947 quod
1545 1905 1698 1936 actuum

603 1959 781 1994 merendi
817 1960 955 2006 aliquis
992 1967 1054 1995 est
1084 1959 1344 2004 successivus,
1376 1959 1486 1995 cuius
1515 1959 1697 2006 incepcio
1709 1962 1739 1991 25

604 2022 668 2053 est
692 2029 766 2064 per
790 2018 1055 2053 reuiocionem
1092 2019 1142 2053 de
1168 2018 1359 2064 presenti,
1395 2023 1435 2052 et
1461 2017 1601 2064 aliquis
1625 2029 1697 2063 per

602 2076 849 2122 posicionem
875 2077 925 2111 de
950 2076 1139 2122 presenti.
1164 2075 1232 2112 Sic
1252 2076 1351 2111 enim
1371 2075 1551 2111 Christus
1567 2075 1699 2122 potuit

602 2134 777 2181 incipere
819 2145 1016 2180 purgasse
1052 2134 1269 2180 Baptistam
1313 2135 1362 2168 ab
1404 2132 1583 2181 originali
1626 2145 1697 2179 pro

603 2193 729 2238 primo
749 2192 906 2227 instanti
932 2192 992 2227 sui
1019 2203 1117 2237 esse,
1146 2197 1188 2227 et
1212 2191 1326 2227 alium
1353 2202 1598 2227 communem
1624 2191 1698 2227 sibi

604 2257 644 2286 et
679 2251 835 2286 aliunde
872 2251 1044 2297 undique
1079 2262 1215 2297 parem
1251 2261 1408 2286 creasse
1438 2250 1480 2285 in
1503 2250 1636 2297 gracia
1660 2253 1739 2285 et3o

601 2310 848 2344 beatificasse
885 2321 955 2344 eos
993 2309 1354 2355 correspondenter
1388 2308 1437 2343 ad
1471 2308 1621 2352 merita,
1659 2313 1697 2343 et

603 2368 660 2402 sic
687 2368 737 2402 de
763 2368 867 2402 mille
904 2368 1060 2403 casibus
1096 2367 1354 2413 possibilibus
1385 2372 1426 2402 et
1452 2367 1501 2402 de
1526 2366 1633 2402 facto
1659 2367 1696 2402 in

602 2426 745 2471 quibus
771 2426 992 2471 implicatur
1017 2437 1132 2460 unum
1157 2431 1343 2471 quantum
1369 2424 1569 2460 excedere
1595 2424 1698 2460 aliud

602 2495 674 2530 per
708 2484 958 2519 indivisibile.
1003 2484 1066 2518 Ex
1103 2484 1245 2529 quibus
1281 2488 1441 2529 oportet
1476 2484 1697 2519 concedere

604 2542 768 2587 aliquam
812 2553 901 2576 esse
943 2541 1147 2576 maximam
1194 2546 1346 2587 partem
1389 2540 1739 2587 quantitativam,35

647 2681 666 2699 ι.
682 2674 712 2699 ll.
727 2674 803 2698 codd.
851 2674 876 2698 6.
894 2675 1014 2698 numeris.
1027 2674 1106 2699 Cod.:
1120 2677 1189 2699 m’us.
1252 2680 1276 2705 7.
1289 2674 1308 2698 B
1319 2675 1345 2699 in
1357 2680 1453 2705 marg.=
1470 2673 1552 2699 Caene
1564 2674 1694 2698 notat-rtis.
