2202 3312
378 472 391 495 1
403 463 443 495 ιε
977 466 1167 495 sommus
1185 465 1342 495 wvcur
1560 453 1657 504 [ω.
1668 462 1718 489 νι-

617 567 704 590 cum
730 554 934 600 apostolis,
971 554 1188 589 ostendunt
1216 564 1260 589 se
1286 552 1569 599 dampnabiles,
1605 552 1721 599 quod

616 613 782 649 ociando
818 618 968 648 tantum
1001 612 1077 647 illis
1100 610 1369 658 potestatibus
1404 612 1628 646 abutuntur.
1673 609 1721 646 Si

616 676 747 706 autem
772 675 994 717 potestates
1029 675 1208 705 terrenas
1232 669 1442 705 habuerint
1471 680 1593 715 supra
1618 680 1720 715 apo-

616 731 753 774 stolos,
770 730 848 765 hoc
859 729 957 764 false
975 733 1016 763 et
1028 727 1319 764 antichristiane
1335 727 1483 763 habent
1501 726 1720 773 aprincipe

616 788 750 823 mundi
772 787 899 824 huius,
1733 791 1750 819 5

387 846 412 870 Α
429 845 596 876 p0⁰¹¹¹swh⁰
666 846 820 882 Octava
855 844 1059 880 sentencia
1096 848 1173 881 est:
1207 844 1392 881 Romano
1427 843 1615 891 pontifice
1651 843 1722 878 vel

429 875 520 898 claims
535 877 562 897 to

408 903 577 956 &effi-{iiiia
618 915 868 952 quocumque
912 903 986 938 alio
1022 903 1201 949 fingente
1236 913 1281 938 se
1321 913 1465 949 gerere
1504 901 1722 949 primatum

377 961 606 1014 'gnssffib'gsssssff‘ssy
617 963 762 998 vicarie
788 961 999 1008 potestatis
1018 960 1162 996 Christi
1185 960 1227 996 in
1250 960 1378 1006 terris,
1403 962 1452 996 ab
1476 960 1560 996 eius
1577 959 1723 996 semita

410 1019 577 1043 Amichsiffi·
619 1021 841 1056 declinante
889 1021 1105 1054 secundum
1146 1029 1306 1054 sensum
1351 1018 1547 1065 scripture
1587 1018 1722 1054 nullus

617 1078 774 1125 plenius
800 1079 866 1114 vel
892 1078 1153 1124 periculosius
1178 1077 1283 1124 gerit
1299 1078 1350 1113 de
1375 1077 1482 1113 facto
1507 1087 1651 1113 nomen
1678 1081 1723 1113 et
1738 1089 1773 1109 ιο

619 1148 742 1182 opera
754 1136 995 1171 Antichristi.
1008 1136 1087 1170 Pro
1107 1135 1377 1171 declat-acione
1388 1135 1502 1171 istius
1515 1134 1723 1171 sentencie

619 1195 831 1230 notandum
857 1199 918 1229 est
943 1193 1069 1240 primo
1104 1194 1320 1228 secundum
1347 1194 1503 1228 modum
1528 1193 1722 1240 loquendi

620 1253 832 1299 scripture:
866 1252 984 1297 Quod
1011 1252 1248 1298 quicumque
1275 1258 1337 1287 est
1363 1252 1520 1287 Christo
1546 1252 1612 1287 vel
1636 1250 1723 1299 legi

620 1322 691 1346 sue
719 1311 948 1356 contrarius,
976 1310 1116 1345 dicitur
1134 1309 1412 1354 Antichristus,
1438 1315 1480 1345 et
1503 1311 1724 1345 concordat

620 1369 781 1404 literalis
807 1369 1060 1415 composicio,
1094 1379 1180 1403 cum
1207 1368 1473 1404 Antichristus
1500 1368 1642 1404 dicitur
1667 1369 1720 1403 ab
1738 1374 1769 1400 ι’)

620 1429 713 1471 anti,
749 1428 856 1474 quod
894 1431 955 1462 est
989 1430 1133 1472 contra,
1170 1431 1211 1461 et
1238 1426 1415 1462 Christus
1441 1426 1553 1472 quasi
1583 1431 1722 1462 contra

622 1486 827 1521 Christum.
868 1486 921 1521 Et
949 1485 1027 1521 isto
1054 1485 1172 1520 modo
1199 1485 1375 1531 loquitur
1399 1485 1656 1531 Evangelista
1678 1484 1721 1520 in

621 1544 745 1591 prima
771 1543 938 1590 epistola
963 1555 1034 1578 sua
1060 1543 1250 1578 canonica
1275 1542 1314 1578 II
1341 1554 1426 1589 cap.
1456 1546 1513 1578 18:
1546 1543 1593 1579 Et
1622 1544 1721 1578 sicut

621 1604 797 1646 audistis,
821 1602 958 1648 inquit,
983 1603 1075 1647 quia
1091 1602 1345 1637 Antichristus
1355 1602 1463 1646 venit,
1487 1612 1590 1637 nunc
1604 1601 1718 1638 Anti-

620 1662 751 1696 christi
781 1662 894 1696 multi
909 1661 1012 1705 sacti
1040 1663 1138 1696 sunl.
1173 1660 1226 1695 Et
1249 1659 1337 1695 illos
1366 1664 1481 1695 vocat
1507 1658 1686 1695 Christus
1713 1658 1766 1704 {20

621 1719 759 1753 Matth.
787 1718 934 1753 XXIV
963 1729 1044 1764 cap.
1067 1719 1374 1754 Pseudochristos
1398 1729 1421 1753 a
1438 1718 1586 1764 pseu-do
1612 1717 1721 1763 quod
1753 1719 1821 1758 ¹90..

621 1776 741 1811 latine
767 1776 908 1811 dicitur
933 1776 1054 1812 falsus
1081 1777 1145 1811 vel
1164 1776 1379 1823 decipiens,
1405 1779 1446 1811 et
1471 1775 1528 1810 sic
1554 1774 1721 1821 quilibet

625 1835 821 1880 dyabolus
856 1835 922 1869 vel
956 1836 1175 1870 membrum
1211 1835 1295 1870 eius
1333 1839 1394 1869 est
1429 1833 1587 1869 realiter
1628 1832 1721 1868 anti-

625 1893 802 1928 christus,
829 1893 947 1929 Unde
965 1893 1123 1928 videtur
1139 1893 1256 1928 michi
1286 1893 1375 1927 illos
1394 1903 1483 1927 esse
1502 1892 1721 1937 culpandos

624 1951 692 1996 qui
709 1955 846 1997 preter
869 1951 1142 1986 auctoritatem
1161 1951 1356 1997 scripture
1374 1949 1597 1996 sompniant
1615 1949 1722 1995 quod
1734 1952 1766 1981 ιδ

625 2010 675 2043 de
710 2010 814 2044 tribu
840 2010 927 2044 Dan
953 2009 993 2044 in
1019 2010 1086 2044 illo
1128 2010 1218 2045 loco
1256 2020 1344 2044 cum
1380 2008 1492 2054 equis
1530 2013 1571 2043 et
1606 2019 1722 2042 curru

625 2067 753 2114 igneis
771 2073 813 2102 et
831 2067 974 2102 ceteris
993 2067 1146 2103 ficticiis
1165 2066 1429 2102 dominabitur
1443 2065 1721 2102 Antichristus.

624 2126 822 2161 Doctores
848 2131 979 2161 autern
998 2126 1065 2172 qui
1091 2126 1147 2161 sic
1164 2126 1379 2172 loquuntur
1403 2126 1468 2160 vel
1494 2125 1543 2159 ad
1565 2125 1722 2160 modum

420 2193 476 2218 The
493 2193 576 2217 whole
625 2185 813 2230 loquendi
862 2185 1135 2231 propheticum
1185 2186 1401 2230 loquuntur
1455 2182 1608 2218 mistice
1659 2182 1723 2217 vel

416 2223 485 2249 bodv
501 2222 531 2246 of
544 2222 585 2247 {hc

402 2250 596 2305 ‘cKss‘i’ssffisisc
627 2243 812 2278 videntur
831 2244 878 2278 ad
897 2244 1055 2279 modum
1074 2242 1365 2278 concionatoris
1383 2242 1545 2288 fingere.
1564 2241 1724 2277 Certum
1736 2243 1768 2272 30

404 2318 436 2364 1⁵1¹}
451 2309 596 2363 {3333er
629 2307 691 2336 est
716 2302 849 2347 itaque
877 2303 984 2348 quod
1009 2312 1181 2348 persona
1207 2301 1470 2347 prescitorum
1496 2304 1724 2346 aggregata,

629 2365 691 2394 est
717 2371 816 2395 unus
842 2360 1123 2405 Antichristus,
1151 2359 1253 2394 sicut
1280 2358 1477 2404 quotlibet
1506 2358 1724 2392 membrum

629 2417 722 2464 eius,
749 2423 790 2453 et
815 2418 918 2453 illius
954 2418 1029 2453 erit
1054 2429 1154 2453 unus
1182 2417 1360 2463 capitalis
1394 2417 1435 2451 in
1460 2414 1610 2451 malicia
1633 2416 1724 2461 plus

685 2581 710 2606 6.
727 2581 772 2606 AB
789 2581 815 2606 in
832 2588 929 2611 marga
951 2581 1124 2605 Antichristus
1138 2580 1196 2610 quis
1216 2582 1254 2604 est
1271 2579 1409 2604 secundum
1423 2579 1589 2610 scripturam.
1650 2576 1688 2604 16.
1706 2578 1724 2603 B

627 2620 654 2646 in
667 2627 763 2652 marg-z
781 2620 843 2645 Anti
855 2620 926 2644 valet
939 2621 1039 2645 contra.
1100 2626 1142 2650 24.
1159 2619 1218 2644 Ain
1232 2625 1326 2650 marg.:
1344 2618 1384 2643 De
1394 2617 1561 2642 Antichn'sto.
1621 2623 1663 2651 27.
1680 2616 1725 2642 ΑΒ

628 2660 655 2685 in
672 2666 767 2691 marga
785 2659 824 2684 De
839 2658 1004 2684 Antichristo.
