2202 3312
378 459 444 482 212
977 454 1166 484 sonamus
1185 453 1352 485 wvcur.
1375 480 1378 483 ⁴
1561 442 1662 497 [cae-
1672 449 1722 477 1¹-

620 543 750 579 maius
775 545 827 578 est
847 543 1019 588 periculo
1046 542 1124 584 tali,
1141 544 1191 579 >ut
1211 542 1276 581 ,det
1299 542 1496 581 racionem
1514 551 1594 588 pro
1610 541 1727 579 omni

620 602 773 636 ecclesia
809 602 915 646 apud
947 601 1099 635 iustum⁴
1117 600 1292 650 iudicem,
1329 600 1407 636 nis'i
1421 599 1619 647 sortequi
1641 609 1724 637 nou

619 660 738 695 credit
754 659 939 694 iudicium
958 658 1042 704 Dei,
1069 669 1135 694 nec
1155 658 1261 695 timet
1284 659 1342 696 uti
1363 659 1722 707 abutens-primatu

618 728 688 753 suo
715 718 961 753 ecclesiastico
994 717 1219 764 seculariter
1251 719 1443 756 convertat
1455 722 1457 725 ⁴
1470 717 1630 753 eum'in
1653 727 1721 753 se-

427 782 515 807 nesire
532 783 561 807 of
619 777 799 811 cularem.
825 775 888 810 Ex
913 775 998 810 istis
1016 775 1174 810 videtur
1189 774 1330 818 primm
1355 775 1465 821 quod
1489 785 1571 810 non
1594 775 1693 811 licet
1712 773 1747 823 15

380 812 609 894 ᾱῑξέιὲῗῗέἑξὲἓηὲ
621 838 806 881 papatum
843 834 908 868 vel
946 832 1111 878 aliquam
1146 832 1377 879 dignitatem
1410 832 1719 870 ecclesiasticam
1750 840 1819 873 ηις·

573 887 579 893 ’
621 891 823 927 eleccione
848 892 1014 926 humana
1040 895 1244 937 appetere,
1269 890 1361 937 quia
1385 895 1430 926 ut
1451 890 1510 927 sic
1526 890 1718 938 primatus

621 951 740 986 stulte
767 960 810 984 se
837 948 1029 994 supponit
1053 948 1245 995 periculo,
1276 949 1397 985 stulte
1423 948 1514 996 quia
1536 959 1619 985 non
1647 949 1718 986 hu·

619 1019 730 1043 mana
756 1007 905 1042 eleccio
932 1007 1025 1042 facit
1050 1007 1111 1043 ius
1133 1006 1374 1054 presidendi,
1400 1007 1473 1043 sed
1489 1008 1719 1055 promulgat

619 1067 659 1101 in
686 1077 790 1109 casu,
822 1076 899 1111 quo
925 1065 964 1100 in
992 1066 1119 1100 electo
1144 1064 1300 1111 presint
1323 1064 1512 1101 virtutum
1535 1064 1765 1112 insignata

621 1130 661 1159 et
677 1124 839 1169 insuper
858 1123 1061 1158 constituit
1079 1134 1123 1159 se
1142 1122 1425 1169 obligaciorem
1446 1123 1496 1159 ad
1513 1123 1718 1170 populum,

618 1193 693 1217 nec
730 1180 922 1216 accrescit
957 1180 1101 1216 exinde
1130 1181 1347 1227 profectus,
1383 1182 1455 1216 sed
1486 1180 1717 1228 periculum,

620 1245 660 1274 et
685 1239 777 1274 ideo
796 1238 921 1274 sancti
939 1239 1111 1285 apostoli
1129 1250 1208 1274 non
1227 1244 1492 1285 susceperunt
1508 1239 1717 1285 primatum

620 1298 736 1332 talem
764 1298 812 1331 ab
838 1296 1007 1334 homine.

385 1362 441 1386 ue
456 1362 605 1388 contention
668 1355 837 1390 Videtur
878 1354 1054 1389 secundo
1098 1355 1215 1400 quod,
1258 1355 1341 1390 sive
1383 1355 1590 1391 Robertus
1631 1355 1717 1391 sive
1733 1361 1762 1390 15

404 1391 589 1450 ρῖῐριεξεπῖἒιντῖιι
620 1412 815 1455 Urbanus,
834 1412 919 1447 sive
932 1412 1169 1458 quicumque
1183 1413 1294 1457 alius,
1312 1412 1466 1460 appetit
1484 1413 1540 1448 sic
1551 1425 1717 1460 preesse

410 1450 578 1502 Αιιιῗῗοῗτῗεῗε-
622 1471 790 1506 ecclesie
816 1470 976 1518 Anglie‚
1008 1471 1161 1516 signum
1191 1471 1397 1517 probabile
1430 1477 1492 1507 est
1532 1472 1641 1518 quod
1667 1472 1718 1507 sit

621 1528 797 1576 fugibilis
823 1528 1109 1573 Antichristus3
1140 1530 1245 1564 unde
1270 1530 1411 1565 beatus
1439 1529 1717 1576 Crysostomus

621 1588 689 1623 ubi
716 1598 852 1633 supra:
885 1586 1116 1633 Quicumque
1142 1588 1413 1623 desideraverit
1432 1590 1650 1633 primatum
1678 1589 1717 1623 in

620 1650 737 1690 terra,
775 1646 936 1681 inveniet
965 1646 1222 1690 confusionem
1255 1647 1294 1681 in
1321 1647 1406 1691 celo,
1442 1650 1483 1682 ut
1508 1647 1588 1682 iam
1621 1647 1766 1682 interm

619 1715 748 1740 servos
776 1703 918 1740 Christi
953 1714 1027 1739 non
1063 1705 1112 1740 sit
1137 1705 1183 1739 de
1202 1705 1379 1750 primatu
1405 1707 1608 1749 certamen,
1643 1716 1718 1740 non

621 1763 777 1807 festinet
796 1763 1059 1808 unusquisque,
1076 1764 1261 1808 quomodo
1273 1763 1363 1798 aliis
1379 1764 1508 1798 maior
1519 1766 1717 1809 appareat,

621 1822 688 1856 sed
717 1821 903 1865 quomodo
935 1822 1109 1856 omnibus
1134 1820 1300 1865 inferior
1324 1822 1507 1864 videatur,
1536 1822 1716 1866 quoniam

622 1890 695 1914 non
713 1879 777 1924 qui
795 1879 924 1914 maior
939 1878 1064 1923 suerit
1089 1880 1129 1914 in
1154 1879 1292 1914 honore
1319 1880 1380 1914 ille
1405 1882 1458 1914 est
1479 1880 1627 1925 iustior,
1651 1880 1718 1915 sed

621 1938 686 1981 qui
716 1936 878 1980 inferior
902 1936 1028 1981 fiterit
1057 1938 1116 1971 hic
1145 1940 1198 1972 est
1228 1938 1365 1973 maior.
1407 1936 1505 1972 Ideo
1531 1936 1717 1983 primatus
1730 1943 1764 1970 25

622 1995 661 2029 in
697 1995 847 2040 populo
884 2005 963 2029 non
999 2000 1060 2030 est
1086 1996 1133 2029 ab
1161 1995 1290 2041 aliquo
1323 1995 1581 2041 appetendus.
1612 1995 1716 2041 Quo—

622 2054 741 2088 modo
776 2052 896 2098 igitur
933 2064 1010 2088 non
1045 2053 1209 2088 habebit
1245 2053 1413 2088 ecclesia
1440 2057 1576 2089 nostra
1601 2055 1717 2090 talem

624 2116 866 2157 suspectum,
902 2111 968 2157 qui
1007 2116 1046 2147 et
1083 2111 1210 2146 nescit
1239 2111 1356 2147 fidem
1388 2111 1582 2158 scripture
1609 2117 1649 2147 et
1673 2123 1717 2147 se

622 2170 751 2215 ipsum
786 2170 851 2204 vel
886 2169 1070 2204 familiam
1113 2181 1218 2204 suam
1255 2170 1446 2215 privatam
1481 2181 1635 2216 regere,
1678 2174 1719 2205 et

623 2232 754 2262 tamen
778 2227 967 2273 presumit
993 2238 1037 2262 se
1064 2227 1283 2273 digniorem
1311 2227 1480 2263 sciencia
1502 2233 1542 2263 et
1560 2228 1766 2271 virtute‚3o

439 2299 558 2330 μήπως),
624 2290 667 2320 ut
683 2290 796 2331 regat
813 2290 959 2320 tantam
979 2285 1210 2319 ecclesiam?
1236 2285 1395 2320 Utinam
1414 2286 1581 2321 ecelesia
1597 2287 1719 2321 vellet

404 2328 580 2388 ηςῖἔὲἐῖιξῑῗῃ
625 2342 757 2378 dicere
784 2342 927 2378 talibus
954 2343 1192 2378 sentenciam
1212 2342 1355 2378 Christi
1382 2349 1422 2379 et
1446 2343 1553 2379 beati
1577 2343 1717 2391 Cryso-

386 2387 427 2411 for
442 2387 514 2411 souls
529 2390 555 2410 at
570 2389 612 2410 tie
730 2400 738 2408 .
1088 2401 1095 2408 .
1368 2401 1376 2409 .

403 2415 602 2449 judgmemand
624 2406 756 2447 storm:
793 2401 858 2435 Ad
891 2402 1007 2436 talem
1038 2407 1244 2446 prlmatum
1275 2406 1450 2446 pertinet
1474 2402 1718 2448 respondere

388 2445 561 2499 ⁵⁰‘v¹{{f¹1¹1'1³f⁰
578 2451 611 2468 ⁰¹¹
624 2459 713 2494 Deo
741 2469 813 2504 pro
842 2458 1043 2493 animabus
1071 2458 1145 2493 sibi
1172 2458 1340 2494 subditis
1366 2459 1405 2495 in
1433 2459 1495 2494 die
1522 2459 1656 2495 iudicii
1679 2465 1720 2495 et

625 2517 773 2552 servire
791 2516 866 2552 illis
886 2516 1114 2563 evangelice
1132 2516 1367 2552 laboriosius
1391 2522 1508 2563 atque
1525 2517 1718 2561 humilius,
1732 2523 1765 2552 35

684 2656 721 2673 10.
738 2649 770 2674 B:
787 2655 881 2679 causum
897 2649 930 2673 ib.
949 2648 1047 2674 Codd.:
1060 2648 1171 2681 prefuit.
