2202 3312
377 458 440 493 ¹32

406 552 457 576 We
473 556 568 576 cannot

402 582 479 611 judge
495 582 523 605 or
536 581 579 605 tbe

388 611 505 640 spiritual
524 614 588 634 state

415 640 445 663 of
458 640 554 664 others.

397 1131 504 1164 Cliange
521 1138 580 1162 may

377 1161 408 1184 bc
424 1167 450 1184 nn
467 1161 605 1184 substance

455 1196 486 1213 or
501 1189 526 1214 in

402 1219 577 1243 concomitant

396 1248 464 1277 good
481 1254 512 1271 or
527 1248 585 1271 evil.

410 1894 429 1918 11
447 1895 469 1918 is
486 1895 511 1918 in
528 1895 570 1918 the

384 1925 458 1947 latter
473 1930 530 1947 wav
545 1924 600 1948 that

383 1957 447 1977 state
463 1952 485 1977 is
501 1949 606 1977 altered.

978 454 1168 484 JOHANNIS
1188 454 1346 484 wvch
1559 445 1657 491 [mv.
1671 452 1723 478 vn.

661 544 726 578 Ex
751 554 831 589 quo
866 542 1025 578 videtur
1063 542 1171 589 quod
1196 541 1300 578 sicut
1323 542 1443 578 homo
1480 540 1641 578 dubitat
1665 541 1723 578 de

613 601 796 648 proximo
823 600 858 636 si
883 600 934 637 sit
957 600 998 636 in
1019 600 1174 636 mortali
1198 601 1265 636 vel
1289 600 1500 647 prescitus,
1526 599 1583 636 sic
1602 600 1723 636 dubi-

614 665 718 695 taret
743 660 793 694 de
820 659 1065 695 excellencia
1089 659 1369 706 cuiuscumque
1405 662 1532 695 status
1557 658 1723 695 viantis.

615 718 682 754 Sic
709 717 810 753 enim
836 718 911 753 fuit
936 722 1062 753 status
1088 717 1408 765 exproprietarie
1433 716 1598 753 vivendi
1622 715 1721 754 Sca-

613 776 752 812 riothis
777 775 1000 818 vilissimus,
1028 787 1121 822 ymo
1139 787 1229 812 cum
1247 780 1374 811 status
1392 775 1444 812 sit
1460 775 1723 811 successivus
1737 780 1752 809 5

615 841 656 870 et
691 835 896 870 dubitatur
933 835 984 869 de
1019 834 1098 870 fine
1123 834 1192 881 qui
1218 839 1281 870 est
1305 838 1431 870 status
1459 833 1723 870 beatitudinis

615 893 829 928 secundum
837 892 1028 928 Boecium
1038 891 1100 927 ΙΙΙ
1112 892 1163 928 de
1170 891 1451 928 Consolatione
1461 891 1723 939 philosophie

614 951 783 992 videtur,
810 951 918 996 quod
937 950 1104 996 quilibet
1120 949 1226 986 foret
1243 951 1294 986 de
1319 950 1431 986 totali
1455 954 1561 986 statu
1584 948 1722 985 fratris

615 1009 676 1044 sui
711 1008 930 1054 ambiguus.
972 1007 1050 1043 Hic
1086 1013 1249 1054 oportet
1283 1018 1512 1055 supponere
1541 1007 1721 1054 descrip-

616 1067 771 1102 eionem
789 1071 830 1102 et
847 1066 1148 1102 distinccionem
1165 1066 1413 1113 supradictas
1435 1066 1441 1112 Ι
1462 1066 1513 1102 de
1538 1066 1720 1102 statibus.
1758 1072 1811 1109 193

616 1126 668 1161 Et
694 1126 869 1160 secundo
898 1128 1059 1171 oportet
1097 1128 1235 1160 notare
1271 1124 1473 1171 quomodo
1504 1124 1721 1171 dupliciter

617 1184 762 1230 aliquid
804 1183 946 1218 dicitur
976 1183 1234 1228 transmutari,
1276 1184 1341 1218 vel
1387 1182 1610 1218 subiective
1651 1183 1718 1218 vel

617 1242 749 1290 gracia
785 1241 1103 1277 concomitancie.
1154 1240 1385 1277 Subiective
1422 1246 1466 1277 ut
1501 1242 1585 1276 sola
1626 1242 1717 1276 sub·

617 1300 766 1335 stancia
791 1305 1083 1344 transmutatum
1119 1300 1251 1347 gracia
1278 1300 1566 1335 concomitante
1590 1298 1717 1335 omnis

616 1363 742 1393 status
767 1359 833 1393 vel
862 1369 927 1393 res
959 1358 1031 1393 alia
1059 1358 1283 1394 inexistens
1313 1358 1460 1393 homini
1490 1357 1716 1393 melioratur
1732 1362 1767 1390 15

616 1417 682 1451 vel
722 1416 924 1462 peioratur
965 1421 1129 1462 propter
1171 1416 1518 1452 concomitanciam
1558 1415 1714 1451 virtutis

617 1480 683 1510 aut
707 1474 809 1510 vicii.
835 1474 887 1510 Et
912 1474 969 1509 sic
994 1485 1059 1509 res
1085 1474 1124 1509 in
1151 1480 1288 1509 natura
1314 1485 1385 1509 sua
1410 1474 1596 1510 continue
1614 1484 1716 1508 nunc

617 1538 679 1568 est
713 1532 851 1568 melior
887 1537 928 1568 et
963 1543 1068 1567 nunc
1103 1531 1227 1578 peior,
1264 1537 1304 1567 et
1339 1532 1396 1567 sic
1426 1532 1527 1567 fides
1555 1536 1597 1567 et
1622 1542 1716 1577 spes

616 1596 787 1637 possunt
812 1602 913 1626 nunc
941 1590 1099 1626 formari
1128 1590 1287 1626 caritate
1316 1595 1357 1626 et
1389 1601 1493 1626 nunc
1513 1601 1714 1625 remanere

615 1648 817 1693 informes,
848 1659 936 1683 cum
966 1648 1053 1694 ipsa
1078 1659 1158 1683 non
1184 1648 1377 1694 permittit
1410 1659 1543 1683 secum
1570 1647 1716 1683 crimen
1728 1660 1764 1679 20

617 1712 660 1742 ut
694 1717 877 1752 suprema
907 1706 1031 1742 virtus
1068 1711 1109 1742 et
1140 1706 1319 1752 simplex.
1369 1706 1422 1742 Et
1451 1711 1572 1752 patet,
1609 1707 1716 1753 quod

617 1764 763 1810 triplex
799 1764 967 1810 primum
1005 1769 1277 1811 argumentum
1307 1766 1470 1800 roborat
1500 1764 1715 1800 veritatem.

618 1822 815 1867 Quantum
853 1823 901 1857 ad
936 1822 1104 1869 primum
1141 1822 1258 1857 trium
1296 1827 1616 1869 argumentorum
1658 1833 1714 1858 se-

619 1880 827 1926 quencium
852 1885 964 1926 patet
991 1892 1041 1916 ex
1069 1880 1329 1916 distinccione
1355 1880 1432 1915 iam
1454 1880 1596 1927 posita,
1622 1891 1714 1927 quo-

617 1939 736 1973 modo
773 1943 898 1974 status
934 1950 1013 1973 non
1051 1939 1235 1973 alteratur
1265 1938 1487 1974 subiective
1522 1939 1595 1973 sed
1627 1941 1758 1974 con-25

620 1996 856 2032 comitative.
898 1996 950 2032 Et
982 1997 1220 2042 quandoque
1252 2008 1326 2042 per
1356 2001 1565 2043 peccatum
1591 1996 1715 2032 extin-

619 2055 762 2101 guitur,
798 2055 905 2101 quod
940 2055 1115 2101 pertinet
1150 2055 1199 2090 ad
1236 2065 1324 2090 eum
1359 2065 1613 2101 cognoscere,
1650 2054 1716 2100 qui

620 2112 735 2148 nobis
751 2112 1200 2158 incomprehensibiliter
1219 2113 1372 2148 ordinat
1390 2117 1555 2149 cunctos
1573 2117 1714 2155 status;

620 2171 797 2217 quamvis
816 2176 944 2206 autem
962 2171 1123 2206 materia
1141 2171 1191 2206 de
1208 2171 1375 2206 statibus
1398 2171 1450 2206 sit
1466 2171 1581 2206 valde
1600 2170 1716 2217 ampli

620 2228 798 2273 ambitus,
824 2234 866 2263 ut
891 2228 1067 2264 medicus
1093 2233 1239 2264 tractat
1257 2230 1305 2263 de
1331 2234 1440 2264 statu
1457 2229 1649 2274 corporis,
1675 2235 1717 2264 ut
1728 2233 1760 2261 30

620 2287 800 2332 precedit
820 2288 867 2322 ad
886 2287 1112 2322 felicitatem
1124 2287 1188 2322 vie
1206 2287 1291 2322 sive
1310 2287 1513 2332 miseriam,
1531 2287 1716 2333 politicus

681 2426 697 2443 ι.
717 2420 741 2443 Α
756 2419 782 2443 in
799 2426 894 2449 marg:
911 2427 937 2448 J.
998 2427 1021 2448 ,1.
1041 2421 1065 2443 Α
1082 2420 1106 2443 in
1125 2427 1220 2449 marga
1238 2420 1306 2443 Nol-1
1323 2421 1424 2450 oplime.
1486 2419 1508 2444 5.
1526 2420 1560 2444 B:
1579 2419 1717 2445 vilissima.

622 2464 645 2488 7.
664 2457 762 2481 Codd.:
779 2458 812 2480 de
827 2458 967 2488 questione.
1030 2464 1062 2481 n.
1081 2458 1125 2481 ΑΒ
1142 2458 1168 2481 iu
1187 2464 1281 2488 marga
1299 2458 1401 2482 Mutari
1414 2458 1509 2481 dicilur
1524 2458 1626 2487 aliquid
1636 2458 1718 2488 dupli-

621 2496 694 2519 citer.
756 2502 792 2526 19.
811 2495 910 2519 Cosa:
927 2495 1072 2519 caritatem.
1135 2495 1175 2521 23.
1193 2495 1213 2519 B
1229 2496 1254 2519 in
1277 2503 1374 2526 marg:
1389 2496 1430 2519 Ad
1440 2496 1560 2526 primum.
1621 2495 1662 2521 30.
1674 2496 1718 2520 ΑΒ

621 2535 646 2558 in
665 2541 762 2564 marga
785 2534 930 2558 Dim-nitas
944 2536 1063 2558 statuum.
1089 2534 1203 2566 Dignum
1219 2537 1244 2559 et
1260 2535 1397 2566 indignum
1412 2537 1465 2559 ³!a1
1481 2534 1588 2559 eundem
1604 2542 1661 2559 esse
1675 2535 1718 2559 ho·

622 2573 721 2598 minem.
782 2572 820 2597 31.
839 2573 871 2596 13:
883 2572 1013 2603 policitus.

680 2649 706 2678 7.
729 2643 806 2679 Opp.
827 2643 886 2676 (cd.
907 2642 1004 2678 Migne
1025 2648 1044 2669 t.
1068 2642 1177 2681 LXlIU,
1198 2650 1263 2678 pag.
1285 2649 1350 2678 7²0-
