2202 3312
374 467 419 500 92

410 562 451 586 All
470 562 562 592 priests

410 590 504 615 should
520 591 571 616 live

979 466 993 494 J
997 465 1174 495 OHANNJS
1194 465 1350 495 WYCLIF
1563 456 1663 504 [cn.
1679 463 1719 489 V.

615 552 655 588 in
680 557 823 588 statum
860 552 1215 599 exproprietarium
1240 552 1376 589 similis
1402 552 1522 590 statui
1549 557 1719 600 aposto-

384 620 451 645 amoe
466 620 518 644 and
534 620 596 651 only
614 610 740 645 lorum
765 611 830 645 vel
855 614 1053 646 rectorum
1077 610 1119 646 in
1145 610 1340 646 communi
1360 610 1586 650 vivencium
1609 621 1719 657 pure

431 655 465 674 on
481 649 556 674 alme.

414 1432 471 1457 The
489 1441 556 1465 pope

384 1462 476 1486 should
493 1467 530 1487 set
547 1464 590 1488 mc

420 1493 547 1523 example.

615 668 665 704 de
702 668 986 712 oblacionibus,
1021 668 1182 705 decimis
1208 674 1249 704 et
1283 669 1449 715 privatis
1474 668 1720 713 elemosinis,

614 725 860 761 uniformitas
895 726 1046 762 faceret
1085 726 1138 762 ad
1178 726 1365 762 decorem
1401 726 1581 770 ecclesie,
1619 726 1718 773 quia

613 784 816 830 pulchrius
841 784 1057 831 pulchriori
1082 784 1269 831 additum,
1291 784 1387 821 facit
1416 789 1543 821 totum
1566 795 1716 832 aggre-
1731 792 1749 821 5

615 847 750 888 gatum
791 842 993 888 pulchrius
1034 854 1149 889 quam
1195 847 1322 878 totum
1360 842 1488 879 minus
1527 843 1717 889 pulcrum

612 900 786 936 additum
821 901 949 937 minus
983 901 1161 948 pulchre.
1202 900 1321 937 Unde
1344 901 1467 948 igitur
1494 901 1718 938 auctoritas

613 958 797 995 membris
809 959 978 995 ecclesie
996 960 1053 995 sic
1071 960 1316 1008 strangulare
1327 963 1466 996 contra
1482 960 1716 1007 exemplum

611 1016 677 1051 vel
717 1016 967 1052 autoritatem
993 1016 1153 1052 Domini
1200 1017 1346 1053 clerum
1381 1028 1505 1063 suum,
1545 1027 1634 1053 cum
1668 1017 1716 1053 in

611 1074 738 1109 veteri
772 1079 1010 1110 testamento
1047 1086 1128 1110 non
1161 1072 1284 1123 licuit}
1306 1085 1417 1110 arare
1438 1076 1445 1121 Ι
1465 1074 1506 1111 in
1529 1076 1640 1111 bove
1669 1080 1717 1112 et
1753 1081 1821 1111 ι83·

611 1132 722 1168 asino
756 1143 832 1168 nec
866 1132 974 1168 indui
1000 1132 1240 1169 vestimento
1267 1143 1320 1168 ex
1353 1133 1441 1169 lana
1477 1137 1518 1168 et
1545 1132 1641 1178 lino,
1665 1137 1716 1169 ut

610 1194 723 1236 patet
762 1189 924 1225 Numeri
958 1190 1043 1226 XII
1084 1195 1124 1226 et
1165 1190 1442 1226 Deutronomii
1476 1190 1615 1226 XXII.
1665 1190 1714 1228 Si

610 1247 732 1292 igitur
756 1247 878 1283 levite
906 1253 947 1283 et
972 1248 1203 1284 sacerdotes
1218 1248 1322 1295 legis
1339 1248 1487 1284 veteris
1506 1253 1547 1284 et
1563 1247 1713 1285 Christi

612 1305 796 1351 discipuli
836 1305 1025 1341 vixerunt
1051 1305 1317 1351 conformiter,
1358 1316 1480 1352 quare
1526 1316 1607 1341 non
1651 1306 1713 1342 sic

612 1363 768 1398 viveret
818 1364 947 1399 clerus
984 1365 1183 1410 sequens?
1238 1375 1353 1410 quam
1402 1364 1710 1401 uniformitatem
1730 1374 1765 1402 ιε»

612 1420 756 1457 Christi
805 1421 974 1457 vicarius
1024 1422 1148 1457 debet
1195 1421 1384 1467 incipere,
1439 1426 1484 1457 ut
1533 1422 1710 1463 eoraula;

611 1478 791 1516 Christus
827 1479 929 1515 enim
964 1480 1039 1515 fuit
1072 1481 1190 1516 homo
1215 1480 1489 1526 pauperrimus
1516 1480 1574 1516 sic
1599 1481 1711 1527 quod

610 1548 726 1573 nemo
761 1537 894 1583 potuit
919 1548 1009 1574 esse
1043 1537 1268 1584 pauperior,
1300 1543 1344 1573 ut
1366 1538 1431 1574 hic
1456 1538 1710 1585 supponitur,

611 1595 809 1641 quomodo
835 1595 956 1641 igitur
980 1607 1058 1631 non
1087 1595 1172 1632 eius
1197 1607 1349 1642 sequax
1366 1596 1406 1631 in
1428 1596 1545 1632 terris
1562 1596 1710 1632 similli-

610 1665 707 1696 mus,
735 1664 821 1689 cum
847 1659 1062 1700 paupertas
1086 1654 1151 1689 illa
1177 1658 1292 1690 sonat
1315 1654 1612 1700 perfeccionem
1628 1656 1708 1691 vir·
1721 1669 1761 1689 20

611 1712 705 1747 tutis
722 1712 926 1749 viancium.
938 1711 1050 1748 Sicut
1065 1712 1185 1758 igitur
1203 1712 1548 1759 oportuitPetrum
1564 1712 1606 1749 in
1615 1713 1708 1760 fide,

607 1769 648 1804 in
664 1769 891 1810 humilitate,
902 1770 943 1806 in
956 1771 1116 1805 caritate
1136 1770 1366 1806 evidencius
1383 1770 1496 1818 sequi
1507 1769 1706 1808 Christum

609 1838 662 1862 ex
687 1827 802 1863 dictis
827 1827 867 1863 in
892 1828 970 1863 fine
995 1828 1108 1864 tercii
1133 1828 1305 1874 capituli,
1333 1828 1391 1864 sic
1416 1833 1580 1875 oportet
1595 1829 1707 1865 Petri

609 1885 794 1920 vicarium
821 1885 934 1932 sequi
958 1885 1098 1931 ipsum.
1123 1885 1205 1922 Sed
1230 1898 1309 1933 que
1325 1886 1427 1922 fides
1449 1890 1512 1921 est
1526 1887 1705 1934 regulam

608 1942 882 1989 perfeccioniS,
922 1955 1037 1989 quam
1074 1943 1253 1980 Christus
1286 1943 1466 1989 instituit,
1509 1948 1586 1979 tam
1623 1944 1704 1980 cito
1716 1951 1753 1980 25

608 2005 776 2046 propter
800 2001 986 2037 mundum
1004 2001 1213 2037 deserere?
1238 2002 1315 2037 Vel
1333 2013 1411 2048 que
1426 2001 1623 2037 humilitas
1641 2007 1706 2039 est

609 2059 693 2093 sine
735 2059 970 2094 auctoritate
1015 2059 1158 2096 Christi
1204 2071 1325 2106 supra
1364 2060 1463 2096 alios
1504 2060 1703 2105 mortales,

609 2117 731 2151 eciam
767 2127 888 2162 supra
928 2117 1249 2153 elemosinantem
1291 2117 1521 2153 seculariter
1555 2129 1600 2153 se
1636 2129 1702 2153 ex·

607 2175 773 2209 tollere?
798 2173 896 2209 Nam
915 2175 1016 2210 libro
1034 2174 1092 2210 IV
1110 2175 1204 2210 dicit
1220 2175 1476 2211 Bernhardus
1493 2176 1541 2211 ad
1557 2186 1700 2222 papam

606 2232 839 2278 Eugenium,
866 2237 909 2267 ut
943 2232 1107 2268 recitavi
1135 2233 1333 2279 superius:
1368 2233 1415 2269 In
1444 2234 1529 2279 hiis,
1562 2232 1701 2280 inquit,
1712 2241 1749 2271 3ο

606 2291 816 2325 successisti
836 2289 1079 2327 Constantino
1104 2302 1179 2327 non
1200 2291 1325 2327 Petro.
1350 2292 1402 2326 Et
1426 2292 1567 2327 beatus
1592 2292 1700 2336 Jero-

606 2348 742 2393 nimus,
767 2352 810 2383 ut
835 2348 1042 2384 recitatum
1069 2353 1130 2384 est
1155 2348 1272 2385 XCII
1298 2349 1557 2385 distinccione
1589 2348 1700 2393 Olim,

608 2411 648 2441 et
659 2404 775 2441 XCV
793 2405 1052 2442 distinccione
1068 2406 1185 2452 Absit,
1212 2407 1306 2443 dicit
1331 2408 1439 2454 quod
1460 2407 1535 2443 tale
1559 2418 1696 2444 sacra-

665 2528 687 2553 5.
705 2528 803 2553 Codd.:
816 2529 932 2559 pulcras.
993 2529 1015 2555 ἢ.
1033 2529 1131 2554 Codd.:
1147 2530 1310 2562 stragulare.
1370 2529 1411 2556 28.
1428 2530 1508 2557 Cod.=
1524 2531 1656 2556 elfantem.

666 2599 710 2627 30.
732 2598 803 2635 Cap.
825 2599 871 2627 111.
892 2599 927 2629 V.
948 2609 975 2636 p.
997 2599 1044 2636 87.
1105 2601 1150 2630 32.
1173 2600 1250 2629 Olim
1272 2614 1308 2626 =
1329 2601 1400 2631 Dist.
1421 2601 1507 2636 XCV,
1529 2609 1591 2639 cap.
1612 2601 1647 2630 V.
1668 2601 1698 2631 ln

605 2645 797 2677 distinccione
815 2647 902 2679 Absit
922 2657 999 2687 quae
1018 2657 1105 2688 supra
1126 2656 1326 2681 memorantur
1346 2659 1406 2680 non
1425 2651 1621 2682 inveniuntur.
