2202 3312
370 448 432 480 182
974 453 1162 483 JOHANle
1183 453 1339 483 wvcme
1524 442 1624 493 [cst.
1642 450 1718 477 vm.

365 549 448 573 omer
464 549 593 573 instances
654 540 837 584 Secundo,
867 552 968 578 anno
997 542 1145 578 domini
1172 539 1440 580 CCCCXCIII
1465 543 1603 578 contra
1635 539 1713 586 Sy-

375 579 404 602 ot·
418 579 480 602 rwal
497 585 580 609 popes

385 607 575 666 nerffitgsseffieby
605 600 783 635 maehum
813 610 963 646 papam
999 600 1204 636 ordinatur
1236 599 1476 636 Laureae-ius
1502 609 1579 645 per
1616 608 1712 634 con-

426 665 524 690 uiceto.
603 658 821 693 tencionem.

657 714 793 758 Tercio,
829 726 930 751 anno
966 716 1114 751 domini
1147 714 1327 753 DCCLX
1330 714 1426 751 VIII
1458 713 1712 752 Constantino

600 783 708 818 papa
750 775 965 809 scismatico
1007 775 1127 810 oculis
1158 774 1311 820 privato
1348 771 1563 820 Stephanus
1594 782 1710 818 papa
1723 779 1741 808 5

602 832 861 874 constituitur‚·
883 833 943 867 hic
966 833 1155 877 synodum
1178 832 1300 868 Rome
1321 834 1528 878 congregat
1544 834 1579 867 et
1594 831 1706 867 ordi—

602 893 714 925 natos
739 901 762 924 α
792 889 1037 927 Constantino
1062 891 1278 926 scismatico
1301 891 1512 926 reordinat.

656 947 812 993 Quarto,
837 959 939 983 anno
964 949 1113 984 domini
1129 947 1366 986 DCCCLIII
1377 948 1567 984 adversus
1581 946 1702 983 Bene-

604 1006 745 1040 diclum
767 1016 916 1052 papam
943 1007 1177 1042 Anastasius
1197 1007 1439 1052 presulatum
1464 1005 1621 1042 invadit.

656 1063 803 1109 Quinto,
837 1075 939 1099 anno
969 1065 1118 1100 domini
1147 1063 1399 1102 DCCCCVII
1423 1063 1596 1110 presidet
1628 1062 1701 1099 Leo
1719 1077 1757 1097 ιο

602 1133 723 1167 papa,
749 1125 879 1157 contra
898 1129 1014 1167 'quem
1044 1121 1314 1167 Chrystoforus
1335 1122 1473 1167 surgit.

653 1178 771 1224 Sexto,
806 1190 907 1215 anno
942 1180 1093 1215 domini
1122 1178 1465 1216 DCCCCLXVIII
1495 1179 1647 1215 collecta
1676 1189 1699 1214 a

602 1241 677 1273 tota
712 1238 838 1273 Ytalr'a
864 1238 1125 1284 episcoporum
1152 1238 1292 1282 synodo
1309 1237 1503 1274 Johannes
1522 1247 1633 1284 papa
1657 1237 1701 1271 de

603 1296 798 1341 neplzariis
812 1297 941 1331 causis
952 1295 1179 1341 infamatur,
1192 1296 1360 1341 quidum
1378 1306 1417 1331 se
1433 1298 1699 1331 excusaturum

603 1355 730 1390 venire
744 1357 952 1397 cunctatur,
963 1354 1035 1390 Leo
1051 1355 1175 1389 adhuc
1189 1355 1320 1399 laycus
1335 1354 1513 1390 eleccione
1528 1354 1699 1389 omnium
1716 1360 1750 1388 15

604 1415 637 1447 et
661 1422 842 1448 consensu
867 1412 1113 1458 imperatoris
1130 1423 1241 1458 papa
1266 1412 1516 1448 substituitur.
1543 1410 1608 1447 Sic
1629 1410 1699 1446 Leo

603 1469 699 1515 fecit
732 1470 998 1506 ordinaciones
1032 1473 1065 1505 et
1100 1470 1193 1516 alia,
1228 1481 1299 1515 que
1333 1472 1443 1506 erant
1483 1470 1701 1516 apostolica.

604 1527 680 1562 Nec
714 1528 871 1573 longum
896 1527 1064 1562 Romani
1097 1528 1260 1563 alterata
1285 1527 1370 1572 fide
1394 1527 1500 1573 apud
1526 1528 1698 1572 impera-

603 1588 723 1621 torem
745 1596 895 1631 papam
921 1586 1106 1631 recipiunt
1129 1585 1352 1630 Johannem.
1387 1585 1458 1621 Ille
1482 1588 1612 1621 autem
1636 1596 1699 1629 sy-

604 1645 701 1678 nodo
727 1645 876 1678 collecta
895 1643 1057 1678 Leonem
1082 1644 1255 1689 deposuit
1280 1647 1314 1679 et
1338 1644 1421 1679 eius
1439 1646 1550 1688 gesta
1566 1652 1700 1678 cassa·
1713 1657 1748 1677 20

604 1702 665 1737 vit.
690 1700 953 1746 statutumque
978 1704 1030 1737 est
1053 1701 1240 1746 synodum
1266 1712 1292 1737 a
1318 1701 1438 1737 Leone
1466 1711 1541 1736 non
1573 1701 1697 1736 nomi-

603 1759 775 1794 nandam
792 1759 978 1803 synodum
996 1759 1062 1794 sed
1073 1759 1326 1804 prostibulum
1342 1758 1485 1804 favens
1506 1759 1702 1794 adulteris.

609 1815 840 1863 Quicumque
874 1817 993 1861 igitur
1029 1827 1069 1851 eo
1104 1816 1306 1852 ordinante
1346 1819 1457 1852 erant
1497 1817 1703 1863 dampnati

605 1875 701 1910 iussi
724 1885 838 1909 suam
856 1875 1029 1920 ipsorum
1051 1875 1376 1920 proscripsionem
1399 1874 1404 1921 Ι
1421 1878 1647 1920 presentare
1662 1875 1702 1909 in
1735 1879 1808 1908 206‘

604 1933 737 1967 cartha
761 1933 826 1967 hec
842 1933 1066 1967 continente:
1091 1932 1207 1967 Pater
1224 1943 1326 1968 meus
1342 1933 1458 1969 nichil
1472 1933 1547 1968 sibi
1561 1933 1703 1977 habuit,
1717 1938 1750 1966 25

604 1991 719 2026 nichil
743 1991 858 2025 michi
882 1990 995 2033 dedit,
1021 1993 1053 2025 et
1078 1991 1134 2025 sic
1149 1991 1310 2036 depositi
1325 1994 1551 2026 manserunt
1566 1991 1607 2026 in
1625 1991 1704 2026 illis

601 2049 801 2093 gradibus,
831 2059 921 2092 quos
949 2049 1160 2083 habuerant
1190 2049 1360 2084 nondum
1391 2060 1414 2083 a
1443 2049 1563 2084 Leone
1592 2050 1702 2084 ordi-

606 2107 698 2141 nati.
744 2106 816 2141 Iste
850 2105 1043 2141 Johannes
1079 2116 1187 2151 papa
1228 2116 1316 2142 cum
1351 2116 1469 2143 uxore
1500 2106 1702 2142 cuiusdam

605 2165 791 2199 oblectans
815 2175 840 2198 a
865 2165 1022 2208 dyabolo
1050 2165 1089 2199 in
1114 2168 1282 2209 tempore
1301 2165 1422 2199 coitus
1433 2164 1648 2210 percutitur
1670 2167 1703 2199 et

604 2223 686 2257 sine
710 2222 845 2257 viatico
871 2222 1061 2257 dominico
1087 2223 1185 2257 obiit.
1715 2229 1751 2257 30

664 2382 699 2409 13.
728 2384 761 2408 B:
786 2385 892 2415 synode.
969 2390 1005 2413 14.
1033 2383 1122 2408 Recte:
1148 2388 1303 2408 excusatum.
1385 2391 1427 2413 πο,
1454 2390 1493 2409 21.
1519 2384 1551 2408 Βε
1577 2382 1700 2408 (Σατανᾶ.

605 2431 643 2451 21.
676 2430 718 2448 22.
750 2422 848 2447 Codd.:
881 2422 1039 2446 norninanda
1068 2423 1190 2453 synodus.
1304 2422 1345 2447 25.
1376 2422 1476 2448 Gadda
1506 2422 1587 2446 Pater
1615 2423 1699 2447 ιιίηιίε,

605 2465 647 2486 20.
665 2460 763 2486 Codes
779 2463 962 2488 mam-uerunt,-
978 2464 1058 2484 recten
1076 2463 1256 2485 remanserunt.

668 2549 689 2569 ι.
706 2538 821 2568 Radulfi
836 2541 872 2567 de
887 2540 988 2567 Diceto
1002 2548 1030 2576 p.
1046 2540 1091 2577 89.
1159 2549 1188 2575 4.
1203 2540 1274 2571 lbid,
1288 2549 1316 2576 p.
1336 2548 1399 2575 ¹²4·
1467 2541 1494 2570 8.
1508 2539 1580 2569 ibid.
1595 2549 1623 2577 p.
1639 2540 1701 2576 ¹37·

606 2589 709 2618 Recte:
730 2588 796 2617 855.
860 2597 900 2615 ιο.
916 2588 986 2615 Ibid.
1002 2595 1068 2623 pag.
1088 2596 1149 2622 ¹42·
1164 2588 1266 2616 Recte:
1280 2589 1347 2625 903.
1410 2596 1451 2616 ια.
1466 2588 1537 2617 lbid.
1552 2596 1619 2625 pag.
1638 2589 1700 2617 1⁵1.

605 2637 708 2666 Recte:
729 2636 796 2673 963.
818 2637 896 2664 Huss
918 2637 996 2664 230⁸.
