<?xml version="1.0" encoding="UTF-8"?>
<!DOCTYPE html PUBLIC "-//W3C//DTD XHTML 1.0 Transitional//EN"
    "http://www.w3.org/TR/xhtml1/DTD/xhtml1-transitional.dtd">
<html xmlns="http://www.w3.org/1999/xhtml" xml:lang="en" lang="en">
 <head>
  <title>
</title>
<meta http-equiv="Content-Type" content="text/html;charset=utf-8" />
  <meta name='ocr-system' content='tesseract 3.04.00' />
  <meta name='ocr-capabilities' content='ocr_page ocr_carea ocr_par ocr_line ocrx_word'/>
</head>
<body>
  <div class='ocr_page' id='page_1' title='image "./johanniswyclift01mattgoog/johanniswyclift01mattgoog_0461.png"; bbox 0 0 2202 3312; ppageno 0'>
   <div class='ocr_carea' id='block_1_1' title="bbox 413 454 1175 505">
    <p class='ocr_par' dir='ltr' id='par_1_1' title="bbox 413 454 1175 505">
     <span class='ocr_line' id='line_1_1' title="bbox 413 454 1175 505; baseline 0.007 -16"><span class='ocrx_word' id='word_1_1' title='bbox 413 463 489 489; x_wconf 78' lang='lat' dir='ltr'>CAl‘.</span> <span class='ocrx_word' id='word_1_2' title='bbox 512 454 583 505; x_wconf 69' lang='lat' dir='ltr'>ML]</span> <span class='ocrx_word' id='word_1_3' title='bbox 740 466 789 494; x_wconf 87' lang='lat' dir='ltr'>DE</span> <span class='ocrx_word' id='word_1_4' title='bbox 811 466 1045 494; x_wconf 73' lang='grc' dir='ltr'>ΡΟἹῈ5ἹἏἹἙ</span> <span class='ocrx_word' id='word_1_5' title='bbox 1067 467 1175 495; x_wconf 74' lang='grc' dir='ltr'>ΡΛΡΕ.</span> 
     </span>
    </p>
   </div>
   <div class='ocr_carea' id='block_1_2' title="bbox 376 551 1522 1531">
    <p class='ocr_par' dir='ltr' id='par_1_2' title="bbox 376 551 1522 1531">
     <span class='ocr_line' id='line_1_2' title="bbox 412 551 1512 600; baseline -0.002 -11"><span class='ocrx_word' id='word_1_6' title='bbox 412 553 680 600; x_wconf 81' lang='lat' dir='ltr'>multipliciter</span> <span class='ocrx_word' id='word_1_7' title='bbox 704 554 899 596; x_wconf 79' lang='lat' dir='ltr'>oberrare,</span> <span class='ocrx_word' id='word_1_8' title='bbox 925 553 1088 589; x_wconf 86' lang='lat' dir='ltr'>intendo</span> <span class='ocrx_word' id='word_1_9' title='bbox 1105 551 1230 589; x_wconf 86' lang='lat' dir='ltr'>tercio</span> <span class='ocrx_word' id='word_1_10' title='bbox 1249 558 1290 588; x_wconf 85' lang='lat' dir='ltr'>et</span> <span class='ocrx_word' id='word_1_11' title='bbox 1308 558 1512 599; x_wconf 86' lang='lat' dir='ltr'>protestor</span> 
     </span>
     <span class='ocr_line' id='line_1_3' title="bbox 414 612 1511 658; baseline -0.001 -11"><span class='ocrx_word' id='word_1_12' title='bbox 414 613 521 658; x_wconf 89' lang='lat' dir='ltr'>quod</span> <span class='ocrx_word' id='word_1_13' title='bbox 552 612 673 648; x_wconf 88' lang='lat' dir='ltr'>docto</span> <span class='ocrx_word' id='word_1_14' title='bbox 703 623 778 658; x_wconf 85' lang='lat' dir='ltr'>per</span> <span class='ocrx_word' id='word_1_15' title='bbox 802 623 955 658; x_wconf 78' lang='lat' dir='ltr'>papam,</span> <span class='ocrx_word' id='word_1_16' title='bbox 987 623 1059 658; x_wconf 84' lang='lat' dir='ltr'>per</span> <span class='ocrx_word' id='word_1_17' title='bbox 1090 613 1369 658; x_wconf 87' lang='lat' dir='ltr'>quodcumque</span> <span class='ocrx_word' id='word_1_18' title='bbox 1395 621 1511 646; x_wconf 84' lang='lat' dir='ltr'>mem-</span> 
     </span>
     <span class='ocr_line' id='line_1_4' title="bbox 413 669 1511 716; baseline -0.002 -11"><span class='ocrx_word' id='word_1_19' title='bbox 413 671 527 705; x_wconf 88' lang='lat' dir='ltr'>brum</span> <span class='ocrx_word' id='word_1_20' title='bbox 554 669 723 705; x_wconf 84' lang='lat' dir='ltr'>ecclesie</span> <span class='ocrx_word' id='word_1_21' title='bbox 750 670 815 705; x_wconf 89' lang='lat' dir='ltr'>vel</span> <span class='ocrx_word' id='word_1_22' title='bbox 840 670 1008 716; x_wconf 85' lang='lat' dir='ltr'><strong>aliquam</strong></span> <span class='ocrx_word' id='word_1_23' title='bbox 1040 674 1258 704; x_wconf 82' lang='lat' dir='ltr'>creaturam</span> <span class='ocrx_word' id='word_1_24' title='bbox 1285 669 1392 715; x_wconf 91' lang='lat' dir='ltr'>quod</span> <span class='ocrx_word' id='word_1_25' title='bbox 1422 679 1511 703; x_wconf 85' lang='lat' dir='ltr'>erro</span> 
     </span>
     <span class='ocr_line' id='line_1_5' title="bbox 414 727 1512 772; baseline -0.002 -9"><span class='ocrx_word' id='word_1_26' title='bbox 414 727 454 763; x_wconf 86' lang='lat' dir='ltr'>in</span> <span class='ocrx_word' id='word_1_27' title='bbox 472 727 621 772; x_wconf 85' lang='lat' dir='ltr'>mediis,</span> <span class='ocrx_word' id='word_1_28' title='bbox 639 729 734 763; x_wconf 88' lang='lat' dir='ltr'>volo</span> <span class='ocrx_word' id='word_1_29' title='bbox 751 727 960 763; x_wconf 84' lang='lat' dir='ltr'>humillime</span> <span class='ocrx_word' id='word_1_30' title='bbox 980 738 1024 762; x_wconf 87' lang='lat' dir='ltr'>ac</span> <span class='ocrx_word' id='word_1_31' title='bbox 1042 727 1287 772; x_wconf 83' lang='lat' dir='ltr'>paratissime</span> <span class='ocrx_word' id='word_1_32' title='bbox 1305 737 1512 771; x_wconf 87' lang='lat' dir='ltr'>revocare;</span> 
     </span>
     <span class='ocr_line' id='line_1_6' title="bbox 389 785 1513 832; baseline -0.001 -11"><span class='ocrx_word' id='word_1_33' title='bbox 389 787 521 821; x_wconf 69' lang='lat' dir='ltr'>§unde</span> <span class='ocrx_word' id='word_1_34' title='bbox 547 791 590 822; x_wconf 86' lang='lat' dir='ltr'>ut</span> <span class='ocrx_word' id='word_1_35' title='bbox 615 787 829 832; x_wconf 83' lang='lat' dir='ltr'>procedam</span> <span class='ocrx_word' id='word_1_36' title='bbox 860 786 1035 821; x_wconf 87' lang='lat' dir='ltr'>securius</span> <span class='ocrx_word' id='word_1_37' title='bbox 1067 786 1210 821; x_wconf 85' lang='lat' dir='ltr'>innitor</span> <span class='ocrx_word' id='word_1_38' title='bbox 1241 785 1513 821; x_wconf 86' lang='lat' dir='ltr'>fundamenta-</span> 
     </span>
     <span class='ocr_line' id='line_1_7' title="bbox 416 843 1516 891; baseline -0.002 -11"><span class='ocrx_word' id='word_1_39' title='bbox 416 845 505 880; x_wconf 86' lang='lat' dir='ltr'>liter</span> <span class='ocrx_word' id='word_1_40' title='bbox 540 856 690 880; x_wconf 87' lang='lat' dir='ltr'>summo</span> <span class='ocrx_word' id='word_1_41' title='bbox 716 844 850 891; x_wconf 77' lang='lat' dir='ltr'>lapidi,</span> <span class='ocrx_word' id='word_1_42' title='bbox 887 844 953 890; x_wconf 89' lang='lat' dir='ltr'>qui</span> <span class='ocrx_word' id='word_1_43' title='bbox 985 848 1047 878; x_wconf 87' lang='lat' dir='ltr'>est</span> <span class='ocrx_word' id='word_1_44' title='bbox 1073 844 1148 889; x_wconf 85' lang='lat' dir='ltr'>via,</span> <span class='ocrx_word' id='word_1_45' title='bbox 1179 844 1325 879; x_wconf 82' lang='lat' dir='ltr'>veritas</span> <span class='ocrx_word' id='word_1_46' title='bbox 1355 849 1395 878; x_wconf 87' lang='lat' dir='ltr'>et</span> <span class='ocrx_word' id='word_1_47' title='bbox 1425 843 1516 887; x_wconf 83' lang='lat' dir='ltr'>vita,</span> 
     </span>
     <span class='ocr_line' id='line_1_8' title="bbox 419 902 1515 949; baseline 0 -12"><span class='ocrx_word' id='word_1_48' title='bbox 419 902 576 938; x_wconf 83' lang='lat' dir='ltr'>domino</span> <span class='ocrx_word' id='word_1_49' title='bbox 615 902 736 939; x_wconf 84' lang='lat' dir='ltr'>Ihesu</span> <span class='ocrx_word' id='word_1_50' title='bbox 770 902 940 945; x_wconf 85' lang='lat' dir='ltr'>Christo,</span> <span class='ocrx_word' id='word_1_51' title='bbox 983 902 1141 949; x_wconf 87' lang='lat' dir='ltr'>capiens</span> <span class='ocrx_word' id='word_1_52' title='bbox 1184 902 1449 938; x_wconf 87' lang='lat' dir='ltr'>testimonium</span> <span class='ocrx_word' id='word_1_53' title='bbox 1493 913 1515 936; x_wconf 85' lang='lat' dir='ltr'>a</span> 
     </span>
     <span class='ocr_line' id='line_1_9' title="bbox 420 960 1517 1007; baseline 0.002 -12"><span class='ocrx_word' id='word_1_54' title='bbox 420 960 565 997; x_wconf 83' lang='lat' dir='ltr'>sanctis</span> <span class='ocrx_word' id='word_1_55' title='bbox 592 960 833 1004; x_wconf 79' lang='lat' dir='ltr'>doctoribus,</span> <span class='ocrx_word' id='word_1_56' title='bbox 859 962 909 996; x_wconf 86' lang='lat' dir='ltr'>de</span> <span class='ocrx_word' id='word_1_57' title='bbox 933 966 1080 1007; x_wconf 86' lang='lat' dir='ltr'>quanto</span> <span class='ocrx_word' id='word_1_58' title='bbox 1099 965 1319 995; x_wconf 87' lang='lat' dir='ltr'>consonant</span> <span class='ocrx_word' id='word_1_59' title='bbox 1335 960 1416 1007; x_wconf 79' lang='lat' dir='ltr'>leg-i</span> <span class='ocrx_word' id='word_1_60' title='bbox 1435 971 1517 997; x_wconf 72' lang='lat' dir='ltr'>sue,</span> 
     </span>
     <span class='ocr_line' id='line_1_10' title="bbox 419 1018 1515 1065; baseline -0.002 -11"><span class='ocrx_word' id='word_1_61' title='bbox 419 1019 509 1054; x_wconf 88' lang='lat' dir='ltr'>Alia</span> <span class='ocrx_word' id='word_1_62' title='bbox 540 1030 638 1054; x_wconf 86' lang='lat' dir='ltr'>vero</span> <span class='ocrx_word' id='word_1_63' title='bbox 675 1021 725 1056; x_wconf 87' lang='lat' dir='ltr'>ab</span> <span class='ocrx_word' id='word_1_64' title='bbox 761 1018 846 1054; x_wconf 87' lang='lat' dir='ltr'>istis</span> <span class='ocrx_word' id='word_1_65' title='bbox 879 1025 1073 1065; x_wconf 85' lang='lat' dir='ltr'>tamquam</span> <span class='ocrx_word' id='word_1_66' title='bbox 1104 1018 1298 1054; x_wconf 74' lang='lat' dir='ltr'>tax-dativa</span> <span class='ocrx_word' id='word_1_67' title='bbox 1328 1018 1393 1053; x_wconf 81' lang='lat' dir='ltr'>vel</span> <span class='ocrx_word' id='word_1_68' title='bbox 1426 1029 1515 1053; x_wconf 89' lang='lat' dir='ltr'>con-</span> 
     </span>
     <span class='ocr_line' id='line_1_11' title="bbox 376 1075 1517 1124; baseline -0.001 -13"><span class='ocrx_word' id='word_1_69' title='bbox 376 1092 409 1110; x_wconf 86' lang='lat'>10</span> <span class='ocrx_word' id='word_1_70' title='bbox 420 1077 535 1113; x_wconf 82' lang='lat' dir='ltr'>traria</span> <span class='ocrx_word' id='word_1_71' title='bbox 560 1077 825 1124; x_wconf 81' lang='lat' dir='ltr'>parvipendo;</span> <span class='ocrx_word' id='word_1_72' title='bbox 859 1077 963 1113; x_wconf 87' lang='lat' dir='ltr'>unde</span> <span class='ocrx_word' id='word_1_73' title='bbox 986 1078 1105 1112; x_wconf 87' lang='lat' dir='ltr'>credo</span> <span class='ocrx_word' id='word_1_74' title='bbox 1131 1081 1175 1112; x_wconf 89' lang='lat' dir='ltr'>ut</span> <span class='ocrx_word' id='word_1_75' title='bbox 1196 1076 1314 1111; x_wconf 87' lang='lat' dir='ltr'>fidem</span> <span class='ocrx_word' id='word_1_76' title='bbox 1338 1075 1517 1120; x_wconf 88' lang='lat' dir='ltr'>ecclesie,</span> 
     </span>
     <span class='ocr_line' id='line_1_12' title="bbox 423 1134 1518 1181; baseline -0.002 -11"><span class='ocrx_word' id='word_1_77' title='bbox 423 1136 533 1181; x_wconf 89' lang='lat' dir='ltr'>quod</span> <span class='ocrx_word' id='word_1_78' title='bbox 558 1135 796 1181; x_wconf 87' lang='lat' dir='ltr'>quicumque</span> <span class='ocrx_word' id='word_1_79' title='bbox 822 1147 902 1170; x_wconf 87' lang='lat' dir='ltr'>non</span> <span class='ocrx_word' id='word_1_80' title='bbox 929 1136 1119 1170; x_wconf 83' lang='lat' dir='ltr'>observat</span> <span class='ocrx_word' id='word_1_81' title='bbox 1143 1139 1286 1170; x_wconf 78' lang='lat' dir='ltr'>statum</span> <span class='ocrx_word' id='word_1_82' title='bbox 1314 1140 1354 1170; x_wconf 83' lang='lat' dir='ltr'>et</span> <span class='ocrx_word' id='word_1_83' title='bbox 1384 1134 1518 1180; x_wconf 84' lang='lat' dir='ltr'>legem</span> 
     </span>
     <span class='ocr_line' id='line_1_13' title="bbox 422 1191 1519 1240; baseline -0.004 -10"><span class='ocrx_word' id='word_1_84' title='bbox 422 1205 536 1240; x_wconf 85' lang='lat' dir='ltr'>quam</span> <span class='ocrx_word' id='word_1_85' title='bbox 555 1193 733 1230; x_wconf 86' lang='lat' dir='ltr'>Christus</span> <span class='ocrx_word' id='word_1_86' title='bbox 749 1193 926 1239; x_wconf 86' lang='lat' dir='ltr'>instituit,</span> <span class='ocrx_word' id='word_1_87' title='bbox 955 1204 1068 1239; x_wconf 86' lang='lat' dir='ltr'>quam</span> <span class='ocrx_word' id='word_1_88' title='bbox 1088 1192 1209 1228; x_wconf 82' lang='lat' dir='ltr'>eciam</span> <span class='ocrx_word' id='word_1_89' title='bbox 1234 1192 1275 1228; x_wconf 90' lang='lat' dir='ltr'>in</span> <span class='ocrx_word' id='word_1_90' title='bbox 1301 1203 1345 1228; x_wconf 88' lang='lat' dir='ltr'>se</span> <span class='ocrx_word' id='word_1_91' title='bbox 1372 1197 1413 1227; x_wconf 86' lang='lat' dir='ltr'>et</span> <span class='ocrx_word' id='word_1_92' title='bbox 1438 1191 1519 1227; x_wconf 85' lang='lat' dir='ltr'>suis</span> 
     </span>
     <span class='ocr_line' id='line_1_14' title="bbox 423 1250 1519 1298; baseline -0.003 -11"><span class='ocrx_word' id='word_1_93' title='bbox 423 1251 614 1298; x_wconf 85' lang='lat' dir='ltr'>apostolis</span> <span class='ocrx_word' id='word_1_94' title='bbox 643 1251 725 1287; x_wconf 84' lang='lat' dir='ltr'>vita</span> <span class='ocrx_word' id='word_1_95' title='bbox 755 1256 798 1287; x_wconf 87' lang='lat' dir='ltr'>et</span> <span class='ocrx_word' id='word_1_96' title='bbox 827 1253 950 1286; x_wconf 87' lang='lat' dir='ltr'>verbo</span> <span class='ocrx_word' id='word_1_97' title='bbox 983 1250 1118 1286; x_wconf 86' lang='lat' dir='ltr'>docuit</span> <span class='ocrx_word' id='word_1_98' title='bbox 1149 1256 1192 1286; x_wconf 88' lang='lat' dir='ltr'>et</span> <span class='ocrx_word' id='word_1_99' title='bbox 1220 1250 1405 1292; x_wconf 83' lang='lat' dir='ltr'>servavit,</span> <span class='ocrx_word' id='word_1_100' title='bbox 1440 1260 1519 1284; x_wconf 88' lang='lat' dir='ltr'>non</span> 
     </span>
     <span class='ocr_line' id='line_1_15' title="bbox 424 1308 1520 1356; baseline -0.003 -11"><span class='ocrx_word' id='word_1_101' title='bbox 424 1309 602 1356; x_wconf 86' lang='lat' dir='ltr'>sequitur</span> <span class='ocrx_word' id='word_1_102' title='bbox 628 1309 823 1346; x_wconf 84' lang='lat' dir='ltr'>Christum</span> <span class='ocrx_word' id='word_1_103' title='bbox 849 1320 922 1356; x_wconf 87' lang='lat' dir='ltr'>per</span> <span class='ocrx_word' id='word_1_104' title='bbox 947 1315 1067 1344; x_wconf 82' lang='lat' dir='ltr'>artam</span> <span class='ocrx_word' id='word_1_105' title='bbox 1093 1309 1206 1351; x_wconf 83' lang='lat' dir='ltr'>viam,</span> <span class='ocrx_word' id='word_1_106' title='bbox 1234 1319 1311 1355; x_wconf 88' lang='lat' dir='ltr'>que</span> <span class='ocrx_word' id='word_1_107' title='bbox 1337 1308 1446 1343; x_wconf 87' lang='lat' dir='ltr'>ducit</span> <span class='ocrx_word' id='word_1_108' title='bbox 1472 1308 1520 1342; x_wconf 84' lang='lat' dir='ltr'>ad</span> 
     </span>
     <span class='ocr_line' id='line_1_16' title="bbox 380 1365 1521 1414; baseline -0.001 -13"><span class='ocrx_word' id='word_1_109' title='bbox 380 1373 412 1401; x_wconf 81' lang='lat'>15</span> <span class='ocrx_word' id='word_1_110' title='bbox 426 1369 565 1410; x_wconf 82' lang='lat' dir='ltr'>celum,</span> <span class='ocrx_word' id='word_1_111' title='bbox 600 1369 673 1403; x_wconf 87' lang='lat' dir='ltr'>sed</span> <span class='ocrx_word' id='word_1_112' title='bbox 707 1368 857 1403; x_wconf 87' lang='lat' dir='ltr'>incedit</span> <span class='ocrx_word' id='word_1_113' title='bbox 890 1378 962 1414; x_wconf 86' lang='lat' dir='ltr'>per</span> <span class='ocrx_word' id='word_1_114' title='bbox 997 1368 1114 1402; x_wconf 81' lang='lat' dir='ltr'>latam</span> <span class='ocrx_word' id='word_1_115' title='bbox 1152 1367 1264 1409; x_wconf 84' lang='lat' dir='ltr'>viam,</span> <span class='ocrx_word' id='word_1_116' title='bbox 1300 1377 1378 1412; x_wconf 87' lang='lat' dir='ltr'>que</span> <span class='ocrx_word' id='word_1_117' title='bbox 1414 1365 1521 1400; x_wconf 87' lang='lat' dir='ltr'>ducit</span> 
     </span>
     <span class='ocr_line' id='line_1_17' title="bbox 425 1425 1134 1472; baseline -0.001 -11"><span class='ocrx_word' id='word_1_118' title='bbox 425 1427 640 1462; x_wconf 87' lang='lat' dir='ltr'>membrum</span> <span class='ocrx_word' id='word_1_119' title='bbox 668 1425 830 1472; x_wconf 88' lang='lat' dir='ltr'>dyaboli</span> <span class='ocrx_word' id='word_1_120' title='bbox 857 1426 905 1460; x_wconf 86' lang='lat' dir='ltr'>ad</span> <span class='ocrx_word' id='word_1_121' title='bbox 929 1425 1134 1460; x_wconf 81' lang='lat' dir='ltr'>infernum.</span> 
     </span>
     <span class='ocr_line' id='line_1_18' title="bbox 473 1480 1522 1531; baseline -0.003 -12"><span class='ocrx_word' id='word_1_122' title='bbox 473 1483 648 1531; x_wconf 84' lang='lat' dir='ltr'>Explicit</span> <span class='ocrx_word' id='word_1_123' title='bbox 658 1487 846 1519; x_wconf 88' lang='lat' dir='ltr'>tractatus</span> <span class='ocrx_word' id='word_1_124' title='bbox 864 1483 915 1518; x_wconf 87' lang='lat' dir='ltr'>de</span> <span class='ocrx_word' id='word_1_125' title='bbox 927 1488 1128 1529; x_wconf 82' lang='lat' dir='ltr'>potestate</span> <span class='ocrx_word' id='word_1_126' title='bbox 1141 1494 1246 1528; x_wconf 80' lang='lat' dir='ltr'>pape</span> <span class='ocrx_word' id='word_1_127' title='bbox 1257 1481 1445 1527; x_wconf 87' lang='lat' dir='ltr'>Johannis</span> <span class='ocrx_word' id='word_1_128' title='bbox 1457 1480 1522 1517; x_wconf 90' lang='lat' dir='ltr'>W.</span> 
     </span>
    </p>
   </div>
   <div class='ocr_carea' id='block_1_3' title="bbox 427 1612 1525 1764">
    <p class='ocr_par' dir='ltr' id='par_1_3' title="bbox 427 1612 1525 1764">
     <span class='ocr_line' id='line_1_19' title="bbox 487 1612 1523 1647; baseline -0.005 -5"><span class='ocrx_word' id='word_1_129' title='bbox 487 1623 506 1642; x_wconf 83' lang='lat'>1.</span> <span class='ocrx_word' id='word_1_130' title='bbox 522 1617 546 1641; x_wconf 79' lang='lat' dir='ltr'><strong>A</strong></span> <span class='ocrx_word' id='word_1_131' title='bbox 563 1616 589 1641; x_wconf 79' lang='lat' dir='ltr'>in</span> <span class='ocrx_word' id='word_1_132' title='bbox 606 1623 702 1647; x_wconf 52' lang='lat' dir='ltr'>marga</span> <span class='ocrx_word' id='word_1_133' title='bbox 724 1616 801 1642; x_wconf 76' lang='lat' dir='ltr'>Nota.</span> <span class='ocrx_word' id='word_1_134' title='bbox 825 1616 989 1641; x_wconf 77' lang='lat' dir='ltr'>Protestauo.</span> <span class='ocrx_word' id='word_1_135' title='bbox 1052 1622 1076 1646; x_wconf 79' lang='lat'>9.</span> <span class='ocrx_word' id='word_1_136' title='bbox 1094 1614 1127 1639; x_wconf 85' lang='lat' dir='ltr'>C:</span> <span class='ocrx_word' id='word_1_137' title='bbox 1150 1614 1330 1638; x_wconf 65' lang='lat' dir='ltr'>retardanda.</span> <span class='ocrx_word' id='word_1_138' title='bbox 1392 1620 1428 1638; x_wconf 67' lang='grc' dir='ltr'>ια.</span> <span class='ocrx_word' id='word_1_139' title='bbox 1447 1612 1480 1637; x_wconf 87' lang='lat' dir='ltr'>C:</span> <span class='ocrx_word' id='word_1_140' title='bbox 1498 1613 1523 1637; x_wconf 82' lang='lat' dir='ltr'>in</span> 
     </span>
     <span class='ocr_line' id='line_1_20' title="bbox 427 1651 1525 1685; baseline -0.005 -5"><span class='ocrx_word' id='word_1_141' title='bbox 427 1656 487 1680; x_wconf 67' lang='lat' dir='ltr'>suta.</span> <span class='ocrx_word' id='word_1_142' title='bbox 550 1654 586 1681; x_wconf 79' lang='lat'>13.</span> <span class='ocrx_word' id='word_1_143' title='bbox 604 1654 638 1680; x_wconf 64' lang='lat' dir='ltr'>ez</span> <span class='ocrx_word' id='word_1_144' title='bbox 654 1656 705 1680; x_wconf 71' lang='lat' dir='ltr'>viee</span> <span class='ocrx_word' id='word_1_145' title='bbox 720 1657 747 1679; x_wconf 76' lang='lat' dir='ltr'>et</span> <span class='ocrx_word' id='word_1_146' title='bbox 760 1656 844 1679; x_wconf 76' lang='lat' dir='ltr'>racio.</span> <span class='ocrx_word' id='word_1_147' title='bbox 906 1661 941 1685; x_wconf 90' lang='lat'>¹7-</span> <span class='ocrx_word' id='word_1_148' title='bbox 960 1655 992 1678; x_wconf 83' lang='lat' dir='ltr'>B:</span> <span class='ocrx_word' id='word_1_149' title='bbox 1013 1652 1085 1683; x_wconf 62' lang='lat' dir='ltr'>wyte.</span> <span class='ocrx_word' id='word_1_150' title='bbox 1103 1655 1126 1677; x_wconf 82' lang='lat' dir='ltr'>A</span> <span class='ocrx_word' id='word_1_151' title='bbox 1139 1653 1183 1677; x_wconf 80' lang='lat' dir='ltr'>sol.</span> <span class='ocrx_word' id='word_1_152' title='bbox 1198 1652 1258 1682; x_wconf 78' lang='lat'>262,</span> <span class='ocrx_word' id='word_1_153' title='bbox 1269 1652 1319 1676; x_wconf 89' lang='lat' dir='ltr'>col.</span> <span class='ocrx_word' id='word_1_154' title='bbox 1333 1659 1361 1676; x_wconf 84' lang='lat'>2:</span> <span class='ocrx_word' id='word_1_155' title='bbox 1379 1651 1525 1682; x_wconf 73' lang='lat' dir='ltr'>Scre‘ptoris</span> 
     </span>
     <span class='ocr_line' id='line_1_21' title="bbox 428 1690 1524 1725; baseline -0.005 -6"><span class='ocrx_word' id='word_1_156' title='bbox 428 1695 514 1719; x_wconf 73' lang='lat' dir='ltr'>cuncti</span> <span class='ocrx_word' id='word_1_157' title='bbox 532 1701 656 1719; x_wconf 76' lang='lat' dir='ltr'>memores</span> <span class='ocrx_word' id='word_1_158' title='bbox 675 1695 728 1719; x_wconf 75' lang='lat' dir='ltr'>sine</span> <span class='ocrx_word' id='word_1_159' title='bbox 754 1695 805 1719; x_wconf 75' lang='lat' dir='ltr'>ma</span> <span class='ocrx_word' id='word_1_160' title='bbox 825 1694 941 1725; x_wconf 67' lang='lat' dir='ltr'>legentes</span> <span class='ocrx_word' id='word_1_161' title='bbox 970 1696 1049 1724; x_wconf 72' lang='lat' dir='ltr'>aeque</span> <span class='ocrx_word' id='word_1_162' title='bbox 1075 1695 1216 1723; x_wconf 76' lang='lat' dir='ltr'>precentur</span> <span class='ocrx_word' id='word_1_163' title='bbox 1236 1692 1263 1716; x_wconf 78' lang='lat' dir='ltr'>ei</span> <span class='ocrx_word' id='word_1_164' title='bbox 1284 1691 1399 1722; x_wconf 70' lang='lat' dir='ltr'>requiem</span> <span class='ocrx_word' id='word_1_165' title='bbox 1427 1690 1524 1715; x_wconf 68' lang='lat' dir='ltr'>cumei.</span> 
     </span>
     <span class='ocr_line' id='line_1_22' title="bbox 428 1730 1363 1764; baseline -0.005 -6"><span class='ocrx_word' id='word_1_166' title='bbox 428 1733 485 1758; x_wconf 81' lang='lat' dir='ltr'>Neb</span> <span class='ocrx_word' id='word_1_167' title='bbox 501 1737 557 1764; x_wconf 72' lang='lat' dir='ltr'>gest</span> <span class='ocrx_word' id='word_1_168' title='bbox 572 1733 636 1758; x_wconf 76' lang='lat' dir='ltr'>toho</span> <span class='ocrx_word' id='word_1_169' title='bbox 653 1733 750 1757; x_wconf 76' lang='lat' dir='ltr'>dobrze</span> <span class='ocrx_word' id='word_1_170' title='bbox 767 1733 850 1757; x_wconf 61' lang='lat' dir='ltr'>hosen</span> <span class='ocrx_word' id='word_1_171' title='bbox 868 1733 908 1761; x_wconf 65' lang='grc' dir='ltr'>(ι-</span> <span class='ocrx_word' id='word_1_172' title='bbox 925 1733 973 1755; x_wconf 71' lang='lat' dir='ltr'>ima</span> <span class='ocrx_word' id='word_1_173' title='bbox 990 1738 1100 1761; x_wconf 77' lang='lat' dir='ltr'>namque</span> <span class='ocrx_word' id='word_1_174' title='bbox 1116 1730 1286 1762; x_wconf 73' lang='lat' dir='ltr'>dignissimus</span> <span class='ocrx_word' id='word_1_175' title='bbox 1303 1731 1363 1758; x_wconf 73' lang='lat' dir='ltr'>est).</span> 
     </span>
    </p>
   </div>
   <div class='ocr_carea' id='block_1_4' title="bbox 1684 467 1750 500">
    <p class='ocr_par' dir='ltr' id='par_1_4' title="bbox 1684 467 1750 500">
     <span class='ocr_line' id='line_1_23' title="bbox 1684 467 1750 500; baseline 0 0"><span class='ocrx_word' id='word_1_176' title='bbox 1684 467 1750 500; x_wconf 80' lang='lat'>397</span> 
     </span>
    </p>
   </div>
  </div>
 </body>
</html>
