2202 3312
377 442 443 475 ¹30

377 1568 399 1591 Α
417 1573 475 1591 man
493 1573 551 1597 may
569 1567 599 1591 bc

421 1596 446 1619 in
465 1597 561 1619 several

389 1628 467 1649 states
483 1629 507 1648 at
524 1632 595 1649 once.

395 1867 452 1891 The
469 1866 560 1896 highcr
576 1874 590 1890 a

405 1896 489 1919 man's
506 1900 580 1924 state,

391 1925 433 1949 thu
451 1931 534 1957 worse
551 1925 590 1949 his

458 1960 506 1977 sun.

984 437 1173 467 JOHANNJS
1192 436 1348 465 wvch
1549 427 1661 473 Im.
1676 431 1726 459 vt

616 526 776 561 stiarum
831 536 919 560 cum
961 523 1196 560 condicione
1237 527 1361 560 status
1400 522 1638 559 innocencie
1681 529 1727 560 et

615 584 794 620 saniores
843 583 1034 627 monachi,
1089 583 1158 630 qui
1205 587 1372 629 propter
1420 581 1727 628 perfeccionem

615 644 880 677 decreverunt
905 646 1049 677 statum
1073 641 1182 677 illum
1207 641 1370 687 eligere.
1409 640 1463 677 Et
1485 645 1602 687 patet
1626 651 1725 687 pro·

614 700 797 736 habilitas
816 700 984 745 cronice,
1003 698 1138 747 {quam
1154 704 1284 735 narrat
1295 698 1521 735 Castrensis
1529 699 1636 735 libro
1647 699 1724 743 IV,
1758 699 1824 739 ¹9³⁸

617 770 700 804 cap.
742 757 966 794 LXXXVI
1013 757 1214 803 quomodo
1264 761 1446 803 tempore
1496 756 1753 794 dotacionis⁵

616 816 786 852 ecclesie
824 815 954 851 audita
979 820 1042 851 est
1067 814 1245 861 ang-elica
1269 825 1354 851 vox
1381 814 1423 850 in
1447 825 1553 860 aere,
1577 815 1723 852 dicens

616 876 723 921 quod
750 876 859 910 hodie
883 875 1050 921 fftsum
1075 876 1129 909 ost
1150 883 1335 909 venenum
1351 874 1394 908 in
1410 874 1567 909 ecclesia
1580 877 1723 911 sancta

614 934 696 970 Dei.
737 932 837 968 Nam
868 932 1237 978 quomodocumque
1270 932 1349 967 hoc
1383 931 1515 973 fuerit,
1548 932 1629 967 hoc
1656 937 1724 968 est

614 1003 761 1037 verum,
802 1002 890 1026 cum
926 991 1055 1025 clerus
1093 1001 1115 1025 a
1149 994 1255 1025 statu
1295 988 1533 1035 perfecciori
1567 989 1723 1027 decidit

615 1049 700 1085 sine
727 1049 979 1095 equivalente
1004 1058 1277 1094 recompensa,
1304 1053 1347 1084 ut
1370 1052 1540 1084 eventus
1556 1049 1722 1095 patulus
1738 1057 1773 1077 ¹0

614 1108 673 1143 rei
684 1109 838 1154 probat.
856 1106 976 1142 Unde
986 1106 1235 1142 manifestum
1252 1106 1408 1153 signum
1424 1105 1530 1142 foret
1540 1106 1721 1143 Pseudo-

616 1165 750 1200 christi
800 1165 1047 1210 dampnantis
1089 1169 1134 1200 ut
1169 1164 1385 1200 hereticum
1437 1165 1546 1211 quod
1588 1175 1720 1211 genus

615 1223 769 1259 illorum
806 1223 872 1269 qui
918 1223 974 1258 sic
1015 1223 1307 1258 maculaverunt
1345 1227 1506 1259 matrem
1541 1229 1719 1258 nostram

615 1286 787 1327 possunt
813 1292 898 1316 eam
923 1292 1095 1327 purgare
1122 1281 1171 1316 de
1199 1281 1349 1316 macula
1375 1292 1489 1326 quam
1509 1292 1563 1316 ex
1581 1292 1718 1317 eorum

617 1339 790 1374 stulticia
824 1339 881 1374 sic
908 1338 1113 1375 contraxit.
1149 1338 1266 1374 Unde
1294 1339 1471 1385 capitalis
1497 1339 1719 1375 defendens
1735 1340 1767 1367 ¹5

617 1396 874 1442 pertinaciter
884 1397 997 1432 istam
1015 1396 1255 1432 sentenciam
1275 1402 1411 1432 contra
1421 1397 1716 1443 perfeccionem

617 1456 878 1490 membrorum
922 1455 1066 1490 Christi
1108 1461 1148 1491 et
1189 1461 1324 1491 sancte
1365 1456 1499 1491 matris
1535 1455 1715 1500 ecclesie,

616 1513 864 1548 heresiarcha
888 1513 1136 1548 racionaliter
1160 1518 1296 1559 potest
1323 1513 1409 1549 dici.

666 1570 748 1607 Sed
790 1571 993 1606 dubitatur
1035 1571 1067 1606 si
1109 1572 1226 1606 horno
1263 1572 1314 1607 sit
1348 1571 1462 1607 simul
1502 1572 1544 1607 in
1585 1572 1714 1607 multis

617 1630 797 1664 statibus.
823 1630 875 1664 Et
892 1629 1050 1664 videtur
1071 1631 1229 1675 planum
1257 1631 1364 1676 quod
1390 1631 1446 1665 sic
1472 1630 1522 1665 de
1549 1630 1714 1666 statibus
1727 1638 1764 1657 20

616 1692 693 1722 tam
720 1687 901 1733 corporis
927 1698 1044 1733 quam
1070 1687 1198 1722 anime
1225 1688 1584 1734 cmnpossibilibus,
1616 1688 1716 1723 sicut

614 1747 729 1780 homo
778 1746 901 1780 habet
949 1744 1064 1779 simul
1111 1746 1456 1782 denominaciones
1506 1747 1713 1782 multorum

617 1809 782 1846 actuum,
810 1808 853 1838 ut
878 1808 974 1849 puta
1001 1803 1237 1848 qualitatum.

664 1860 851 1896 Similiter
892 1860 1149 1896 differendum
1193 1867 1255 1897 est
1305 1863 1461 1909 utrique
1508 1864 1712 1910 preposito

616 1918 799 1964 peccanti
841 1923 1009 1965 propter
1052 1919 1284 1965 dignitatem
1334 1925 1470 1967 status,
1520 1928 1565 1958 ut
1603 1927 1713 1969 patet
1723 1920 1756 1949 23¹

615 1976 819 2012 LXXXII
862 1976 1120 2012 distinccione
1163 1989 1250 2024 cap.
1297 1979 1489 2015 Presbiter
1531 1985 1572 2016 et
1614 1992 1711 2027 sepe

616 2035 722 2074 alibi:
761 2040 801 2070 et
837 2047 926 2071 cum
960 2037 1038 2070 hoc
1063 2037 1171 2072 valet
1206 2037 1422 2073 efficaciter
1446 2039 1711 2075 testimonium

616 2093 834 2139 Augustini
858 2094 899 2129 in
924 2095 1055 2129 multis
1081 2095 1193 2139 locis,
1229 2100 1273 2131 ut
1298 2097 1365 2132 ubi
1391 2097 1511 2133 docet
1541 2098 1649 2144 quod
1673 2098 1711 2133 in

614 2152 826 2196 Pharaone,
851 2152 891 2186 in
917 2151 1288 2189 Nabuchodonosor
1312 2161 1479 2201 propter
1503 2160 1648 2192 statum
1673 2162 1713 2192 et

616 2209 845 2256 dignitatem
880 2211 1052 2257 regalem
1088 2211 1137 2247 ad
1172 2212 1350 2258 regimen
1380 2212 1756 2260 popu1isubiecti3⁰

614 2267 727 2302 Deus
752 2267 1015 2313 inspiraverat
1040 2270 1304 2315 propheciam,
1331 2276 1370 2306 et
1395 2277 1562 2318 propter
1587 2284 1710 2308 sacer·

675 2417 697 2434 2.
715 2411 841 2434 monachi.
863 2411 962 2436 Codd.:
983 2419 1093 2437 manses.
1154 2421 1178 2445 7.
1202 2415 1248 2439 AB
1269 2416 1295 2440 in
1316 2422 1412 2446 marga
1438 2415 1492 2441 Vox
1511 2416 1588 2441 hodie
1605 2416 1711 2448 effusam

615 2452 652 2473 est
667 2454 797 2473 venenum.
862 2457 899 2481 ¹9·
916 2450 961 2475 AB
977 2451 1003 2475 in
1020 2458 1117 2483 mame
1134 2453 1224 2478 Status
1238 2454 1332 2478 multos
1346 2455 1372 2478 si
1384 2457 1453 2480 tenet
1467 2455 1552 2481 homo.

672 2528 699 2553 4.
722 2519 893 2556 Cestrcnsis‚
925 2522 940 2550 i.
969 2530 993 2558 c.
1021 2522 1193 2558 Radulphus
1224 2524 1260 2551 dc
1291 2524 1405 2560 Higden
1432 2525 1461 2553 in
1489 2525 1711 2563 Polychronico.

614 2567 681 2594 Non
707 2574 751 2595 cst
775 2576 838 2604 cap.
863 2569 1003 2596 LXXXVI
1031 2571 1081 2597 scd
1109 2571 1210 2607 XXVI,
1232 2577 1303 2601 tom.
1325 2573 1360 2609 V,
1385 2574 1447 2602 130.
1529 2573 1572 2602 26.
1599 2575 1709 2602 Dect-eti

615 2615 713 2642 Prima
734 2624 809 2651 pars,
832 2616 897 2645 dist.
920 2618 1058 2652 LXXXH,
1079 2627 1143 2655 cap.
1163 2620 1196 2646 V.
